4975 6309
600 774 670 849 18⁶
932 766 1031 861 libe
1053 767 1545 862 ttuleueeueolot
1573 768 1761 863 teleta

595 980 733 1070 Melete
771 982 900 1052 debere
940 984 1084 1052 domino
1124 994 1247 1051 nostro
1289 984 1388 1073 Regi
1429 984 1514 1071 xxvj
1558 983 1669 1053 librae
1715 981 1965 1071 sterlirrgomm
2007 1003 2098 1071 ques

593 1116 768 1185 oonoessit
795 1116 841 1186 de
864 1118 968 1185 terris
1004 1128 1040 1185 et
1074 1120 1298 1201 tenementis,
1333 1121 1449 1201 bonis,
1485 1124 1591 1191 rebus
1625 1132 1663 1190 et
1698 1122 1839 1189 catallis
1873 1121 1950 1189 suis
1985 1120 2098 1189 leuari

593 1259 660 1319 etc.
704 1250 754 1321 Et
780 1251 819 1321 in
847 1253 1016 1340 majorem
1045 1250 1303 1346 [securitatem]
1331 1256 1427 1340 quod
1449 1256 1528 1344 ipse
1551 1257 1729 1345 predictos
1764 1278 1940 1326 summam
1967 1256 2097 1347 viginti

593 1388 763 1457 librarum
806 1408 850 1457 ec
893 1389 1017 1476 ciphos
1052 1390 1229 1477 predictos
1281 1391 1439 1478 predicte
1480 1392 1645 1477 Jobanne
1692 1390 1766 1459 filie
1809 1391 1923 1481 ipsius
1960 1392 2097 1461 Thorm

593 1544 674 1595 cum
731 1527 778 1594 ad
838 1529 982 1615 plenam
1043 1546 1144 1595 suem
1202 1535 1334 1595 etatem
1376 1536 1439 1594 aut
1481 1546 1597 1596 annos
1637 1528 1856 1596 maritabiies
1897 1528 2097 1615 poeuenerit

593 1662 814 1745 deliberabit,
841 1673 1014 1731 venerumt
1043 1663 1148 1731 dictis
1177 1662 1247 1747 dia,
1276 1682 1372 1731 anno
1400 1673 1438 1731 et
1466 1665 1546 1734 loon
1574 1664 1613 1733 in
1642 1666 1864 1732 hundredum
1898 1665 2095 1752 predictum

592 1799 796 1867 willelmus
822 1800 954 1867 Talbot
981 1809 1018 1867 et
1044 1799 1226 1883 Johannes
1254 1800 1371 1868 Benet
1397 1800 1444 1868 de
1464 1797 1657 1879 Bristollie,
1679 1800 1897 1865 deuenerunt
1916 1806 1954 1865 et
1974 1817 2095 1865 eorum

593 1938 685 2006 alter
722 1938 865 2006 deuenit
903 1938 1111 2027 principalis
1150 1938 1290 2008 debitor
1327 1949 1365 2007 et
1399 1947 1633 2027 manucaptot
1666 1956 1732 2024 pro
1765 1912 1924 2024 predicto
1959 1936 2097 2006 Thema

592 2084 630 2143 et
658 2084 905 2145 commearunt
934 2094 973 2143 se
1001 2075 1131 2143 debere
1160 2076 1305 2144 domino
1332 2086 1455 2144 nostro
1484 2075 1583 2163 Regi
1606 2076 1693 2161 xxvi
1714 2075 1825 2144 libras
1846 2076 2095 2163 sterlingorum

592 2224 683 2293 ques
710 2218 957 2277 ooneesserunt
985 2222 1022 2277 et
1051 2211 1142 2279 alter
1165 2232 1287 2280 eorum
1316 2212 1490 2282 oonoessit
1517 2214 1563 2280 de
1590 2211 1694 2280 terris
1718 2221 1755 2281 et
1775 2212 1987 2281 tenementis
2007 2213 2093 2293 suis,

591 2344 695 2414 bonis
723 2358 759 2413 et
788 2346 926 2415 catallis
954 2349 1068 2417 leuari
1092 2368 1157 2436 per
1184 2349 1333 2419 formam
1362 2349 1601 2420 oouoeseionie
1628 2349 1764 2418 domim
1791 2349 1958 2417 Edwardi
1981 2368 2095 2437 nuper

591 2480 708 2571 Regis
732 2480 868 2571 Anglie
896 2482 1027 2571 Maiori
1055 2494 1093 2553 et
1122 2484 1376 2555 communitati
1404 2486 1586 2556 Bristollie
1613 2506 1780 2555 oenoasse
1807 2487 1853 2555 de
1882 2484 2071 2575 orphanis.

594 2818 627 2896 C
628 2818 929 2898 OMPOSICIO
975 2820 1269 2898 CANTARIE
1310 2821 1562 2900 RICARDI
1603 2822 1792 2901 WHITE
1826 2823 1913 2903 DE
1947 2823 2094 2902 BRIS·

595 2971 634 3047 T
629 2969 802 3048 OLLIA
853 2969 939 3047 DE
987 2971 1221 3051 DUOBUS
1273 2972 1641 3050 CAPELLANIS
1694 2974 1894 3052 FUNDA
1903 2974 1974 3049 TE
2029 2974 2103 3050 IN

586 3119 871 3198 ECCLESIA
924 3121 1136 3199 SANCTI
1183 3122 1484 3200 STEPHANI
1523 3124 1609 3201 DE
1672 3122 2090 3203 CONFRATERNI-

888 3270 958 3347 TA
968 3272 1039 3349 TE
1087 3273 1319 3351 PRIORIS
1364 3274 1795 3353 KALENDARUM.

714 3444 840 3513 Sciant
881 3454 1063 3531 presentes
1105 3456 1143 3514 et
1184 3445 1293 3514 futuri
1345 3451 1441 3534 quod
1483 3468 1553 3535 ego
1597 3448 1775 3518 Ricardue
1812 3450 1849 3517 le
1884 3448 2008 3518 White
2044 3450 2090 3518 de
2113 3464 2314 3581 mg

584 3582 767 3650 Bristollia
803 3582 849 3649 ad
876 3584 1046 3651 honorem
1067 3582 1137 3649 Dei
1166 3583 1431 3670 omnipotentie,
1457 3582 1611 3671 gloriose
1635 3584 1796 3673 Virginis
1817 3584 1942 3666 Marie,
1965 3582 2090 3654 Sancti
2157 3592 2274 3645 wem.
2426 3611 2427 3614 ¹

584 3716 760 3806 Stephani
788 3716 954 3800 mmm-m
984 3715 1117 3786 Sancte
1146 3718 1321 3787 Katerine
1348 3718 1498 3807 virginis
1519 3731 1556 3786 et
1577 3720 1735 3787 omnium
1757 3730 1971 3803 unctorum,
1984 3694 2086 3802 dedi,

583 3854 740 3923 conoessi
769 3864 805 3923 et
833 3856 901 3923 hac
932 3856 1090 3942 presenti
1125 3865 1225 3924 carte
1258 3876 1340 3925 mea
1368 3855 1576 3926 oonfirmaui
1610 3856 1720 3943 priori
1755 3867 1793 3925 et
1821 3856 1990 3925 fratribus
2014 3858 2089 3926 suis

583 3990 778 4079 cambanis
806 3993 852 4059 da
880 3990 1102 4060 fraternitate
1127 3990 1377 4059 Kelundarum
1401 3992 1594 4076 Bristollie,
1618 4003 1655 4061 et
1676 3994 1829 4063 dominis
1849 3994 2033 4063 Willelmo
2053 3996 2088 4063 le

583 4124 753 4195 Sariaunt
781 4136 818 4196 at
846 4126 982 4195 Th0me
1010 4126 1151 4215 Magos,
1180 4128 1389 4215 capellanis,
1424 4140 1465 4196 vt
1492 4131 1601 4199 iidem
1629 4132 1795 4199 dominus
1822 4132 2027 4202 Willelmus
2053 4135 2089 4201 la

557 4251 752 4329 'Sariaunt
780 4272 817 4330 et
845 4264 1001 4332 Thomas
1029 4262 1169 4351 Magor,
1200 4264 1388 4351 capellani,
1417 4274 1454 4333 et
1483 4286 1703 4336 subsessores
1731 4268 1798 4351 sui,
1834 4268 2021 4355 capellani
2051 4268 2088 4334 iu

583 4398 732 4467 ecclesia
771 4396 897 4467 Sancti
937 4399 1123 4489 Stephani,
1165 4401 1358 4484 bristollia,
1396 4402 1549 4493 singulis
1583 4404 1709 4475 diebus
1743 4414 1781 4472 et
1815 4404 1911 4473 boris
1948 4424 2089 4491 eompa-

583 4536 739 4604 tentibue
767 4538 922 4605 maxime
950 4536 988 4605 in
1017 4538 1141 4606 Missis
1170 4539 1217 4605 ad
1241 4541 1354 4607 altare
1379 4541 1485 4608 beate
1507 4540 1681 4609 Katerine
1704 4542 1855 4629 virginis
1881 4540 1921 4609 in
1950 4542 2089 4629 capelle

582 4692 689 4757 quem
718 4673 850 4741 ibidem
881 4674 1040 4744 construi
1068 4676 1136 4745 ieci
1163 4687 1202 4747 at
1230 4677 1352 4759 leuari,
1382 4678 1639 4767 imperpetuum
1667 4680 1791 4748 diuina
1817 4681 1997 4749 eelebrent
2023 4699 2089 4768 pro

582 4806 703 4875 anima
730 4828 822 4889 mea,
852 4810 1039 4879 animabus
1073 4815 1187 4900 patrie
1223 4814 1294 4881 mei
1326 4824 1363 4881 et
1398 4815 1523 4883 matris
1558 4836 1648 4895 mee,
1682 4816 1858 4901 Iohannis
1891 4817 1938 4885 de
1972 4816 2087 4897 Visae,

583 4930 733 5012 necnon
748 4964 814 5031 pro
839 4946 972 5031 majore
1008 4958 1044 5014 et
1080 4950 1333 5018 communitate
1366 4952 1452 5020 ville
1488 4952 1679 5036 Bristollie,
1715 4954 1904 5021 animabus
1940 4950 2087 5019 fratrum

583 5090 619 5146 et
655 5100 813 5149 sororum
850 5082 895 5150 de
930 5080 1148 5153 fraternitate
1185 5086 1433 5156 Kalendarum
1462 5099 1500 5156 et
1528 5092 1715 5158 animabus
1743 5090 1902 5157 omnium
1929 5088 2088 5158 fidelium
