4975 6309
702 851 704 856 J
749 803 846 895 ebe
870 799 1009 891 little
1032 801 1131 892 Rae
1157 804 1287 894 neon
1312 803 1363 893 et
1392 803 1580 896 tedet.
1848 813 1915 901 187

410 1014 652 1085 destructorum
673 1016 721 1083 in
749 1016 826 1085 dies
855 1016 1125 1101 imperpetuum,
1153 1024 1267 1083 totum
1295 1015 1385 1083 illud
1420 1016 1644 1105 mesuagium
1671 1035 1791 1085 meam
1819 1017 1916 1105 quod

408 1150 559 1219 situatur
585 1152 624 1219 in
652 1150 822 1219 suburbio
858 1150 1041 1219 Brlstellie
1077 1150 1115 1219 in
1150 1151 1530 1239 Baldewynnesstrete,
1567 1151 1661 1221 inter
1694 1151 1917 1241 mesuagium

407 1288 502 1375 quod
529 1285 596 1354 fuit
625 1286 763 1355 l'heme
783 1287 932 1355 Russell
953 1306 1001 1355 ex
1021 1297 1123 1389 parte
1144 1308 1216 1356 vna
1236 1298 1274 1357 et
1294 1288 1518 1376 mesuagium
1539 1288 1635 1375 qued
1655 1287 1723 1356 linit
1741 1287 1917 1372 Jehannls

408 1425 452 1491 de
481 1423 586 1491 Vrses
614 1443 661 1491 ex
690 1433 792 1511 parte
821 1424 944 1504 altera,
975 1433 1012 1491 et
1040 1423 1202 1491 extendit
1226 1444 1267 1493 sa
1295 1445 1318 1492 a
1342 1424 1502 1511 predicte
1526 1424 1606 1492 viee
1627 1424 1784 1493 anterius
1805 1442 1917 1510 nsque

408 1559 455 1624 ad
483 1558 662 1643 quandam
691 1568 822 1626 terram
857 1559 1032 1644 Jehannis
1062 1560 1278 1649 Fraunceys,
1307 1561 1468 1643 senioris,
1497 1561 1683 1649 posterius,
1711 1581 1792 1628 cum
1828 1562 1916 1629 ertia

409 1702 445 1761 et
473 1694 596 1761 vacuis
622 1696 754 1781 plateis
783 1706 875 1763 terre
904 1705 940 1764 et
969 1698 1125 1783 quadam
1153 1699 1290 1784 schepa
1318 1717 1399 1765 cum
1427 1702 1528 1767 exitu
1554 1720 1679 1769 versus
1705 1701 1824 1769 vicum
1853 1700 1916 1787 qui

407 1839 553 1899 vocatur
580 1829 1064 1921 Seyntessteuynnesmersch
1089 1843 1127 1901 et
1148 1852 1229 1903 cum
1252 1835 1418 1903 omnibus
1443 1838 1516 1904 suis
1538 1838 1776 1923 pertinenciis.
1820 1836 1916 1903 Dedi

406 1969 514 2039 etiam
554 1980 590 2037 et
629 1971 789 2039 concessi
828 1970 963 2041 eisdem
1002 1972 1117 2042 Priori
1156 1983 1194 2041 et
1233 1973 1403 2042 iratribus
1437 1974 1683 2042 Kalendarum
1719 1973 1916 2059 capellanis

404 2105 642 2193 predictisque
671 2106 825 2175 dominis
860 2108 1044 2177 erlelmo
1076 2119 1112 2178 et
1149 2111 1295 2192 Th01ne,
1325 2111 1530 2197 capellanis,
1560 2121 1747 2178 eteorum
1775 2128 1915 2177 sueces-

405 2243 545 2312 soribus
569 2243 775 2329 capellanie,
802 2253 917 2313 tetum
943 2246 1032 2315 illud
1062 2248 1160 2316 aliud
1181 2248 1405 2335 mesuagium
1434 2267 1554 2315 meum
1577 2267 1658 2315 cum
1687 2246 1915 2334 pertinenciis

406 2379 444 2447 in
481 2378 632 2447 marisco
668 2378 795 2448 Sancti
831 2378 1007 2468 Stephani
1044 2385 1152 2471 qued.
1176 2386 1342 2452 deminus
1376 2384 1559 2474 walterus
1595 2387 1774 2471 quendam
1799 2392 1915 2452 rector

406 2513 500 2581 dicte
527 2514 676 2583 ecclesie
705 2514 830 2583 Sancti
859 2515 1034 2603 Stephani
1065 2521 1110 2587 de
1140 2540 1198 2588 me
1227 2522 1352 2588 tenuit.
1411 2520 1506 2588 Dedi
1533 2519 1657 2602 eciam
1686 2497 1846 2589 concessi
1876 2532 1915 2589 et

407 2648 590 2737 assignaui
610 2650 778 2735 predictis
799 2651 915 2720 Priori
935 2665 972 2723 et
993 2654 1161 2725 fratribus
1180 2658 1431 2726 Kdundarum
1451 2658 1657 2744 capellanis,
1676 2658 1915 2745 predictisque

405 2788 559 2857 dominis
585 2787 769 2858 willelme
796 2800 834 2857 et
862 2791 998 2859 Thema
1027 2804 1063 2859 et
1092 2795 1354 2862 successoribus
1383 2794 1457 2862 suis
1483 2795 1689 2881 capellanis,
1715 2796 1846 2884 viginti
1877 2806 1915 2862 et

404 2945 468 2995 sex
507 2924 679 2995 solidatas
704 2938 740 2995 et
769 2937 850 2995 ecte
878 2929 1068 2996 deneratas
1098 2930 1207 2997 annui
1237 2931 1394 2997 redditus
1424 2931 1566 3019 argenti
1602 2952 1693 3019 quas
1727 2932 1911 3019 percipere

404 3064 572 3131 eonsueui
607 3065 653 3132 de
685 3064 748 3132 illa
785 3065 950 3153 angulari
980 3066 1115 3152 schopa
1142 3086 1250 3151 quam
1278 3068 1481 3135 willelmus
1509 3070 1544 3135 le
1572 3087 1696 3155 repere
1728 3067 1914 3137 deiirnctus

404 3218 517 3285 nuper
561 3197 740 3267 edificauit
778 3220 884 3288 super
928 3200 1073 3289 Kayam
1115 3202 1308 3271 Bristellie.
1367 3203 1464 3271 Dedi
1506 3204 1631 3287 eciam
1674 3205 1834 3273 concessi
1877 3213 1913 3272 et

405 3335 588 3423 assignaui
612 3336 781 3423 predictis
808 3334 923 3405 Priori
943 3346 981 3404 et
1000 3337 1168 3406 iratribus
1190 3338 1440 3407 Kalendarum
1461 3342 1657 3428 capellanis
1677 3341 1914 3431 predictisque

405 3470 558 3539 dominis
587 3470 770 3539 erlelme
800 3481 836 3540 et
865 3472 1001 3541 Tbeme
1024 3483 1062 3539 et
1090 3474 1353 3541 successoribus
1381 3475 1467 3557 suis,
1494 3476 1699 3561 capellanis,
1725 3477 1912 3545 tresdecim

404 3607 574 3675 solidatas
609 3622 646 3675 et
681 3618 831 3693 quatuor
868 3610 1058 3678 deneratas
1094 3610 1204 3677 annui
1240 3611 1399 3677 redditus
1436 3612 1577 3699 argenti
1607 3632 1697 3698 quas
1732 3613 1912 3701 percipere

402 3744 571 3812 consueui
599 3746 645 3811 de
673 3744 811 3813 Thema
838 3745 1011 3815 Thebaud
1039 3767 1105 3834 pre
1134 3748 1273 3815 duabus
1304 3747 1465 3832 partibus
1494 3746 1591 3813 illius
1618 3747 1794 3835 mesuagii
1815 3749 1911 3836 quod

401 3880 495 3949 idem
537 3878 693 3949 nomas
737 3880 908 3949 ssebaud
952 3889 1050 3949 tenet
1092 3882 1139 3949 ad
1175 3880 1367 3948 terminum
1401 3880 1476 3949 vite
1515 3902 1578 3948 sue
1616 3901 1723 3968 super
1764 3882 1910 3971 Kayam

402 4016 592 4097 Bristellie.
639 4018 745 4102 iuxta
784 4018 1009 4105 mesuagium
1046 4018 1197 4086 Walteri
1245 4018 1281 4085 le
1333 4017 1462 4100 White,
1509 4037 1661 4085 vnacum
1708 4020 1911 4090 reumsiene

402 4152 637 4239 predictarum
665 4154 814 4220 duarum
842 4154 1002 4240 parcium
1032 4175 1113 4223 cum
1142 4155 1317 4223 accederit
1346 4174 1411 4241 per
1439 4164 1588 4222 mertem
1613 4154 1727 4241 ipsius
1761 4155 1909 4237 Thema,

400 4294 439 4353 vt
466 4288 624 4373 predicte
651 4288 721 4393 due
749 4298 869 4376 partes
897 4290 984 4358 dicti
1013 4293 1188 4381 mesuagii
1215 4294 1385 4379 predictis
1414 4292 1528 4361 Priori
1554 4304 1592 4361 et
1627 4291 1796 4364 fratribus
1831 4296 1907 4365 suis

401 4420 648 4491 Kelundarum
677 4426 882 4511 capellanis,
920 4426 1094 4529 dictisque
1128 4429 1285 4499 dominis
1321 4431 1504 4498 Willelnne
1533 4442 1570 4498 et
1598 4429 1734 4499 Thome
1761 4441 1799 4499 et
1834 4432 1909 4500 suis

399 4560 661 4627 successoribus
689 4562 884 4647 capellanis
912 4574 1120 4631 remaneant
1154 4564 1423 4653 imperpetuum.
1469 4567 1648 4635 Habenda
1675 4577 1713 4634 et
1742 4569 1907 4651 tenenda,

397 4694 624 4782 percipienda
655 4707 692 4764 et
727 4697 882 4765 leuanda
917 4699 1077 4785 predicta
1114 4700 1184 4769 due
1214 4702 1412 4791 mesuagia,
1448 4703 1623 4772 redditum
1660 4715 1697 4772 et
1727 4706 1907 4793 predictas

397 4832 486 4899 duas
521 4842 642 4919 partes
685 4834 835 4920 predicti
874 4836 1050 4926 mesuagii
1089 4838 1258 4925 predictis
1301 4838 1417 4906 Priori
1458 4851 1495 4908 et
1531 4840 1699 4910 inanibus
1742 4841 1818 4911 suis
1858 4843 1905 4910 de

397 4964 618 5036 fraternitate
668 4968 917 5040 Kalendarum
969 4974 1163 5061 capellanis
1216 4975 1390 5064 dictisque
1436 4978 1590 5048 dominis
1640 4978 1825 5048 Willelnno
1868 4992 1906 5047 et

399 5104 533 5173 Thema
554 5113 591 5173 et
613 5110 872 5177 successoribus
894 5110 979 5193 suis,
1004 5112 1209 5199 capellanis,
1231 5113 1270 5180 in
1291 5114 1388 5181 dicta
1410 5115 1559 5183 ecclesia
1581 5114 1706 5184 Sancti
1729 5114 1905 5205 Stephani
