4975 6309
591 765 639 836 72
929 740 1027 833 ebe
1050 741 1190 835 little
1213 743 1313 836 Rae
1339 745 1469 836 tloolr
1492 744 1543 834 ot
1573 743 1762 840 &blot

586 955 714 1020 boram
738 953 929 1024 limitatam
953 967 1036 1042 post
1063 959 1188 1027 boram
1226 979 1360 1026 nonam
1397 961 1455 1028 vel
1487 960 1653 1046 precipue
1691 968 1745 1028 tot
1785 969 1977 1030 sectatores
2009 973 2096 1051 quot

588 1093 730 1160 iuterim
763 1092 923 1161 sufficere
957 1096 1097 1182 possint
1135 1097 1183 1163 ed
1223 1097 1426 1166 huiusmodi
1460 1099 1640 1183 querelam
1676 1096 1830 1164 mirristri
1858 1097 2005 1166 mercati
2040 1098 2098 1166 sui

587 1232 864 1300 deliberandam.
922 1234 971 1302 Et
1015 1235 1249 1304 incontinenti
1287 1234 1407 1304 Maior
1449 1245 1486 1302 et
1530 1235 1638 1303 Curia
1679 1235 1817 1324 eligant
1866 1236 1916 1323 xij
1964 1238 2095 1325 probor

584 1373 749 1440 homines
784 1381 996 1440 mercatores
1027 1380 1066 1440 et
1101 1373 1193 1442 elios
1227 1376 1273 1442 de
1302 1373 1412 1444 Curia
1440 1373 1504 1440 illa
1528 1374 1585 1438 vel
1614 1371 1735 1460 plures
1757 1337 1816 1440 vel
1840 1373 2024 1460 pauciores
2063 1374 2096 1442 si

586 1527 732 1575 necesse
764 1508 880 1588 sumit,
915 1509 978 1595 qui
1010 1510 1145 1578 vedent
1177 1511 1311 1578 ibidem
1336 1531 1488 1579 unacum
1518 1509 1663 1576 balliuis
1698 1508 1866 1596 predictis
1896 1517 1935 1575 et
1961 1507 2097 1578 faciant

586 1644 835 1712 executionem
871 1645 972 1714 illam
1013 1648 1182 1734 plenarie.
1235 1647 1286 1716 Et
1324 1648 1357 1717 si
1398 1647 1488 1716 forte
1522 1656 1608 1714 tunc
1650 1645 1811 1713 inueniat
1852 1645 2095 1714 resistenclem

584 1804 754 1850 manuum
804 1803 868 1851 seu
914 1804 1099 1871 corporum
1135 1787 1257 1852 statim
1309 1786 1445 1852 leuetur
1494 1783 1696 1852 buthesium
1741 1803 1847 1870 supm
1892 1783 2094 1852 huiusmodi

583 1920 771 1986 resistente
804 1921 863 1987 rel
898 1921 1156 2002 resistentibus,
1192 1929 1229 1988 et
1260 1921 1499 1987 attacbientur
1521 1940 1585 2007 per
1628 1939 1776 2006 corpora
1815 1939 1880 1986 sue
1919 1927 1957 1986 et
1993 1919 2095 1986 saluo

584 2058 826 2124 crustodiantur
860 2057 900 2124 in
931 2059 1076 2145 prisona
1113 2057 1229 2144 Regis
1264 2058 1296 2124 si
1333 2069 1525 2124 mercatum
1559 2075 1662 2126 suum
1698 2055 1755 2138 sit,
1780 2055 1839 2123 uel
1874 2055 1914 2122 in
1949 2055 2095 2142 prisona

579 2193 718 2260 domini
755 2194 787 2260 si
820 2195 965 2262 alterius
999 2195 1056 2277 sit,
1086 2204 1125 2262 et
1163 2216 1236 2262 non
1272 2195 1509 2264 deliberentur
1548 2203 1739 2280 antequam
1781 2213 1846 2280 pro
1889 2191 2093 2260 huiusmodi

581 2331 788 2398 resistencla
837 2332 876 2399 in
925 2332 1091 2399 omnibus
1141 2330 1376 2399 satisfecerint
1426 2342 1501 2400 tam
1550 2332 1696 2398 domino
1745 2339 1782 2398 et
1839 2329 1933 2418 perti
1983 2349 2090 2417 quam

582 2468 777 2553 cuicumque
800 2469 904 2536 alteri
923 2470 986 2556 qui
1009 2470 1203 2555 dampnum
1226 2471 1285 2537 vel
1307 2469 1599 2556 impedimentum
1620 2489 1686 2556 per
1704 2467 1907 2544 huiusmodi
1928 2469 2092 2540 resisten-

577 2603 673 2670 ciam
711 2605 893 2691 receperit
950 2605 1000 2672 Et
1044 2607 1196 2693 quilibet
1234 2608 1296 2692 qui
1330 2605 1445 2674 fuerat
1487 2609 1721 2674 summonitus
1764 2617 1802 2675 et
1843 2608 1980 2676 venerit
2028 2627 2094 2694 pro

575 2741 782 2809 huiusmodi
809 2743 1016 2810 resistencia
1044 2743 1276 2810 deliberanda
1304 2751 1422 2828 potest
1450 2744 1619 2832 conqueri
1659 2745 1850 2830 separatim
1890 2745 1936 2812 de
1972 2763 2017 2812 ec
2055 2753 2093 2812 ct

578 2897 786 2964 recuperare
809 2899 986 2966 expensas
1010 2891 1048 2947 et
1069 2881 1229 2967 dampna
1254 2880 1373 2966 sique
1397 2880 1518 2948 fecerit
1540 2901 1603 2950 seu
1623 2881 1788 2950 habuerit
1809 2901 1874 2968 per
1891 2881 2093 2949 huiusmodi

580 3011 871 3100 impedimentum
909 3018 996 3104 quia
1038 3019 1099 3084 lex
1137 3019 1336 3086 communis
1376 3029 1413 3085 et
1455 3019 1568 3086 eciam
1606 3007 1667 3087 lex'
1702 3019 1850 3086 mercati
1887 3030 2091 3106 supponunt

576 3170 704 3218 omnes
735 3151 896 3220 feoffatos
935 3163 973 3222 et
1010 3154 1206 3223 residentes
1234 3156 1274 3222 in
1311 3158 1476 3224 mercatis
1514 3176 1576 3224 seu
1616 3156 1712 3223 villis
1752 3157 1970 3232 mercatoriis
2011 3177 2091 3224 esse

575 3299 791 3357 mercatores
818 3291 902 3358 licet
930 3312 1003 3359 non
1031 3293 1303 3374 mercandisent,
1341 3294 1500 3380 exceptis
1535 3293 1608 3360 illis
1636 3293 1682 3360 de
1719 3292 1848 3380 quibus
1880 3292 1922 3360 fit
1951 3293 2089 3361 mencio

577 3427 656 3493 siue
680 3429 847 3514 excepcio
870 3430 908 3495 in
937 3429 1094 3516 capindo
1123 3430 1288 3517 proximo
1317 3449 1434 3515 supron
1479 3428 1528 3496 Et
1562 3431 1623 3496 lex
1658 3430 1868 3502 mercatoria
1902 3449 1975 3496 non
2011 3449 2090 3516 per·

577 3563 688 3631 mittit
718 3564 872 3652 aliquem
901 3568 1094 3655 dampnum
1119 3569 1179 3635 uei
1207 3569 1379 3636 iacturam
1410 3568 1540 3634 iniuste
1576 3567 1731 3653 recipere
1769 3587 1833 3654 per
1870 3569 1980 3635 alium
2021 3566 2092 3634 nisi

572 3703 661 3771 inde
683 3704 752 3771 sibi
780 3703 869 3772 fiant
896 3708 1045 3775 emende
1070 3708 1102 3775 si
1127 3709 1172 3776 de
1198 3727 1242 3774 eo
1270 3705 1437 3792 conqueri
1459 3705 1555 3773 velit
1595 3705 1649 3788 ,Et
1673 3724 1753 3772 cum
1782 3704 1872 3772 forte
1900 3706 1939 3772 in
1966 3704 2088 3774 huius·

575 3842 674 3910 modi
704 3861 790 3910 casu
808 3845 917 3910 bona
948 3858 986 3911 et
1020 3844 1250 3912 mercimonia
1291 3864 1356 3912 sua
1391 3841 1520 3928 aliquis
1554 3814 1592 3908 in
1633 3843 1739 3910 domo
1779 3843 1846 3911 sub
1882 3862 2004 3910 serura
2031 3841 2090 3910 vel

570 3982 714 4059 barura,
743 3979 851 4046 coffro
875 3984 933 4049 vel
961 3981 1063 4062 cista,
1092 4002 1157 4049 seu
1181 3981 1221 4048 in
1251 3981 1388 4067 palrlres
1425 3980 1483 4048 vel
1518 3979 1676 4046 turdellis
1709 3979 1777 4048 sub
1815 3979 1935 4066 sigillo
1970 3978 2088 4048 claudi

574 4115 720 4198 iecerat,
745 4125 783 4184 et
806 4119 932 4184 eadem
960 4135 1026 4202 pro
1048 4116 1185 4185 balliuo
1209 4137 1275 4184 seu
1305 4116 1377 4183 elio
1407 4116 1552 4204 cognito
1580 4115 1743 4182 ministro
1771 4115 1917 4182 mercati
1946 4113 1993 4182 ed
2020 4114 2090 4181 boc

572 4253 759 4340 assignato
782 4253 919 4339 aperire
948 4254 1055 4321 modo
1084 4251 1235 4338 pacifico
1262 4253 1382 4340 capiat
1406 4252 1490 4320 inde
1515 4262 1599 4320 tunc
1624 4251 1779 4320 ballluus
1802 4251 1861 4320 vel
1884 4251 2085 4320 huiusmodi

574 4389 736 4458 minister
775 4390 1016 4459 testimonium
1050 4391 1142 4458 siem
1178 4389 1277 4476 prius
1312 4398 1348 4457 et
1376 4388 1441 4457 fiat
1469 4387 1679 4458 certificecio
1701 4397 1742 4457 vt
1765 4389 1874 4477 prius.
1919 4387 1968 4458 Et
2004 4407 2085 4456 cum

575 4535 768 4595 sectatores
810 4507 907 4595 curie
950 4547 1102 4596 vnacunr
1145 4527 1280 4594 bellino
1325 4527 1471 4594 veniant
1510 4534 1547 4594 et
1582 4535 1708 4615 petant
1743 4545 1791 4595 ex
1834 4505 1936 4614 pelte
1970 4525 2087 4614 Rege

570 4663 630 4730 vel
657 4663 794 4730 domini
826 4665 927 4732 cuius
966 4673 1159 4731 mercatum
1197 4663 1287 4730 illud
1315 4665 1494 4750 estquod
1523 4661 1660 4750 aperire
1693 4659 1802 4730 facitu
1833 4661 1868 4730 ei
1902 4663 2084 4732 clausuras

566 4801 654 4868 illas
689 4800 742 4866 ita
782 4801 879 4886 quod
919 4801 1087 4870 iudicium
1131 4803 1328 4888 predictum
1372 4803 1501 4890 exequi
1544 4804 1689 4872 valeant
1734 4802 1926 4870 secundum
1966 4801 2083 4892 legem

569 4947 611 5004 et
664 4938 953 5022 consuetudinem
1005 4938 1109 5026 regni
1151 4947 1190 5006 et
1232 4939 1426 5006 secundum
1469 4939 1596 5027 legem
1630 4938 1877 5009 mercatoriam
1927 4946 1966 5007 et
2008 4937 2086 5026 lpse

573 5073 668 5142 nolit
694 5074 782 5142 velit
815 5072 905 5142 forte
942 5085 1029 5143 tunc
1067 5076 1200 5146 ibidem
1243 5093 1316 5143 non
1367 5076 1415 5144 sit
1470 5076 1600 5164 aliquis
1642 5075 1705 5165 qui
1756 5075 1809 5146 eis
1860 5075 2084 5170 respondeat,
