4975 6309
749 667 847 843 coe
871 723 1010 815 autre
1034 723 1132 815 uo
1157 724 1288 815 soor
1311 723 1362 815 ot
1391 724 1581 822 susos
1848 756 1919 829 ω

410 948 448 1007 et
488 938 645 1023 Iohanni
679 938 884 1017 Wodoford,
920 936 1125 1025 capellanis,
1162 958 1229 1007 nec
1267 957 1389 1007 eorum
1425 938 1686 1009 successoribus
1724 942 1923 1030 capellanis

411 1078 458 1144 ad
501 1076 616 1145 dictas
658 1076 835 1145 moesias
887 1074 1060 1143 ordinatis
1114 1084 1150 1141 et
1202 1073 1394 1143 intitulatis
1447 1095 1515 1144 nec
1564 1077 1671 1145 alind
1727 1081 1917 1149 eorundem

412 1215 599 1311 absentare
643 1233 683 1280 se
727 1234 750 1279 a
793 1212 988 1292 memiinis,
1031 1210 1162 1289 missis,
1205 1211 1365 1298 vesperis
1406 1221 1445 1279 et
1487 1212 1569 1281 aliis
1603 1214 1703 1282 boris
1736 1218 1921 1311 canonicis

412 1352 554 1436 quando
597 1348 751 1419 officium
794 1350 955 1419 diuinum
1000 1368 1081 1417 cum
1125 1358 1317 1435 neupmate
1360 1350 1499 1431 dicitur,
1542 1370 1609 1418 nec
1652 1362 1754 1421 extra
1795 1353 1918 1423 villam

412 1499 618 1577 pernoctare
661 1490 795 1577 absque
838 1506 947 1555 causa
988 1486 1166 1573 legittima
1209 1485 1420 1553 racionabili
1462 1486 1541 1553 sine
1582 1488 1732 1557 licencia
1774 1491 1919 1576 majoris

412 1627 497 1695 ville
526 1626 721 1729 ‘Bristollie
763 1627 795 1693 si
837 1645 983 1712 presens
1025 1622 1139 1705 fuerit,
1183 1626 1240 1692 vel
1283 1624 1433 1691 licencia
1474 1624 1598 1692 vicarii
1632 1627 1679 1692 de
1713 1626 1922 1714 Redeclyue

412 1764 444 1831 si
472 1764 587 1850 major
613 1762 743 1831 absens
771 1761 887 1841 fuerit,
919 1780 985 1830 nec
1016 1760 1159 1828 diuisim
1195 1770 1251 1827 set
1286 1761 1393 1827 simul
1427 1762 1467 1829 in
1500 1780 1573 1831 vna
1604 1763 1710 1831 domo
1743 1764 1920 1833 babitare.

412 1900 520 1968 Etsi
549 1900 735 1987 contingat
771 1900 968 1986 predictum
1002 1900 1179 1967 redditum
1216 1919 1280 1967 seu
1314 1899 1522 1987 pancionem
1558 1900 1715 1987 quinque
1749 1902 1921 1969 librarum

412 2048 449 2103 et
476 2036 634 2123 quinque
663 2036 858 2103 solidorum
886 2038 1123 2122 predictorum
1152 2048 1270 2105 eremo
1291 2056 1371 2105 esse
1391 2055 1465 2103 non
1485 2037 1640 2105 solutum
1661 2047 1744 2123 post
1764 2038 1922 2123 aliquem

411 2174 601 2241 terminum
625 2173 834 2259 predictum,
861 2172 919 2239 cel
941 2172 1119 2257 predictos
1140 2170 1315 2239 Thomam
1337 2180 1374 2239 et
1392 2171 1604 2255 Jobannem‚
1626 2174 1840 2259 capellanos,
1860 2176 1922 2243 vei

413 2330 632 2380 successores
661 2330 744 2377 suos
776 2308 928 2378 deficere
963 2311 1002 2378 in
1038 2311 1159 2397 aliquo
1195 2311 1344 2378 articulo
1380 2310 1646 2377 ordinacionum
1681 2309 1921 2394 predictarum

412 2448 507 2535 quod
535 2454 665 2513 extunc
693 2446 843 2532 predicti
870 2444 1026 2515 Thomas
1053 2457 1091 2515 et
1117 2446 1311 2531 Johannes,
1341 2438 1527 2533 capellani,
1555 2455 1594 2513 et
1617 2464 1837 2515 successores
1860 2447 1921 2515 sui

412 2594 598 2653 teneanmr
625 2603 689 2669 per
717 2592 898 2668 presentes
927 2584 1065 2651 soluere
1091 2603 1156 2671 pro
1178 2584 1338 2670 quolibet
1358 2581 1498 2650 defectu
1518 2583 1669 2651 notabili
1688 2602 1754 2668 per
1773 2584 1918 2651 eosdem

412 2720 505 2789 iacto
533 2730 657 2788 contra
684 2719 833 2787 fonnem
862 2719 1035 2787 dictarum
1061 2719 1329 2787 ordinacionum
1359 2717 1613 2787 Communitati
1632 2718 1718 2785 ville
1737 2718 1919 2786 Bristollie

412 2858 650 2945 quadraginta
687 2856 871 2932 denarios;
923 2856 1174 2924 nichilominus
1217 2858 1310 2924 bene
1353 2855 1479 2923 licebit
1515 2853 1663 2941 prefatis
1705 2855 1837 2942 Majorl
1882 2863 1923 2922 et

412 2994 696 3082 procuratoribus
735 3002 773 3061 et
814 2993 1074 3061 successoribus
1115 2994 1190 3061 suis
1228 2993 1267 3059 in
1307 2992 1475 3060 omnibus
1510 2993 1624 3073 terr'm,
1660 2992 1856 3060 redditibus
1883 3000 1923 3059 et

412 3132 625 3199 tenementis
666 3130 835 3217 predictis
872 3131 1087 3218 distringere
1130 3140 1166 3197 et
1211 3130 1456 3198 districciones
1498 3130 1538 3197 in
1581 3130 1716 3198 eisdem
1755 3131 1923 3198 inuentae

412 3286 539 3355 capere
563 3277 601 3335 et
629 3277 812 3355 asportare
841 3267 955 3335 donec
983 3267 1029 3333 de
1058 3266 1200 3333 redditu
1229 3265 1389 3351 predicto
1417 3286 1461 3335 ac
1491 3268 1538 3334 de
1566 3266 1757 3353 anatagiis
1788 3269 1821 3335 si
1847 3286 1919 3353 que

412 3404 541 3471 luerint
576 3405 711 3471 eisdem
747 3403 908 3488 plenarie
943 3400 1051 3469 fuerit
1079 3401 1303 3469 satisfactum
1332 3412 1369 3469 et
1397 3404 1616 3491 persolutum
1641 3404 1746 3489 juxta
1774 3405 1918 3472 modum

411 3552 448 3609 et
489 3542 638 3609 formam
682 3541 865 3628 cujusdam
908 3542 970 3607 alii
1014 3539 1138 3627 scripti
1180 3543 1226 3608 de
1268 3540 1410 3607 redditu
1451 3541 1611 3626 predicto
1661 3550 1746 3609 ante
1795 3543 1918 3609 datum

411 3678 630 3765 presencium
681 3677 828 3763 prefatis
871 3676 1003 3763 Majori
1045 3686 1083 3744 et
1124 3678 1412 3763 procuratoribus
1454 3688 1492 3745 et
1532 3680 1794 3747 successoribus
1844 3680 1922 3747 suis

410 3816 551 3901 plenius
579 3814 750 3891 confecti3
787 3824 824 3881 et
852 3816 883 3881 si
912 3823 1155 3899 procuratores
1184 3813 1334 3901 predicti
1358 3815 1417 3882 vel
1445 3834 1666 3883 successores
1693 3816 1749 3883 sui
1777 3816 1920 3883 ordina-

412 3954 532 4020 ciones
560 3963 596 4019 et
624 3971 734 4019 onera
761 3951 922 4037 predicta
950 3960 1161 4039 supportare
1189 3951 1370 4021 noluerint
1397 3950 1437 4019 in
1462 3950 1576 4021 forma
1603 3962 1764 4037 protacta
1788 3962 1921 4020 extunc

413 4090 534 4159 omnia
560 4090 694 4155 eisdem
723 4089 1007 4174 procuratoribus
1035 4090 1200 4158 ordinata
1236 4099 1273 4155 et
1309 4088 1494 4176 assignata
1529 4090 1675 4157 omnino
1709 4108 1820 4177 penes
1854 4084 1920 4159 eos

412 4239 450 4296 et
492 4246 712 4295 successores
754 4244 838 4293 suos
874 4235 1013 4293 cessent
1053 4225 1324 4311 imperpetuum,
1359 4234 1398 4291 et
1432 4225 1527 4293 dicte
1570 4225 1816 4294 ordinaciones
1851 4245 1918 4313 pro

412 4374 514 4451 parte
549 4363 721 4430 dictorum
757 4370 1022 4447 procuratonrm
1057 4358 1167 4427 fracte
1203 4359 1417 4443 impleantur
1451 4366 1489 4425 et
1523 4366 1819 4425 manuteneamus
1852 4377 1919 4444 per

413 4501 617 4588 capellanos
645 4499 822 4586 predictos
851 4508 1037 4565 eteorum
1074 4514 1294 4564 successores
1325 4496 1432 4581 juxta
1464 4492 1734 4563 discremionem
1770 4494 1922 4580 Maioris

322 4692 330 4709 .
412 4640 496 4707 ville
531 4638 713 4705 Bristollie
751 4646 789 4705 et
827 4653 1068 4704 successorum
1112 4652 1254 4699 suorum
1289 4641 1326 4699 et
1362 4652 1429 4699 sex
1463 4631 1613 4700 aliorum
1653 4630 1920 4699 discrmsiomm

412 4776 596 4843 hominum
624 4774 718 4843 dicte
744 4774 830 4841 ville
859 4772 948 4839 adeo
976 4790 1088 4857 prope
1118 4778 1276 4837 tenorem
1305 4767 1571 4835 ordinacionum
1592 4767 1829 4855 predictarum
1850 4788 1922 4855 quo

411 4914 559 4983 comode
586 4910 663 4979 lieri
690 4896 867 4997 poterunt.
910 4907 958 4975 Et
986 4906 1135 4995 predicti
1166 4904 1353 4973 tresdecm
1381 4903 1490 4972 solidi
1524 4914 1561 4971 et
1596 4913 1748 4991 quatuor
1782 4902 1924 4973 denarii

411 5048 585 5137 assignati
614 5046 898 5133 procuratoribus
923 5044 1017 5111 dicte
1038 5040 1186 5110 ecclesie
1207 5059 1273 5128 pro
1298 5038 1420 5106 labore
1440 5058 1574 5120 eorum,
1596 5039 1629 5105 si
1649 5058 1742 5107 onus
1760 5038 1920 5127 predicte

1804 5164 1830 5219 0
