4975 6309
596 804 668 875 206
932 794 1030 885 obe
1053 791 1192 883 little
1215 793 1314 883 heo
1339 794 1469 884 ticoh
1493 793 1545 884 ot
1574 793 1762 887 Brtsbt
1867 846 1871 854 ·

593 1011 739 1077 reddere
768 1011 814 1076 de
835 1008 987 1095 receptis
1008 1028 1088 1075 otuu
1119 1007 1308 1094 requisitus
1336 1006 1434 1075 fitero
1461 1008 1515 1075 sic'
1537 1026 1595 1075 me
1620 1008 1764 1075 adiuuet
1789 1007 1889 1075 Deus
1913 1017 1950 1075 et
1975 1016 2100 1075 sancta

591 1146 790 1233 euangelia.

420 1296 508 1367 top.
721 1280 763 1349 Si
793 1280 922 1369 aliquis
948 1282 1125 1349 admissus
1149 1280 1256 1350 hierit
1279 1284 1319 1350 in
1341 1281 1552 1351 constatrem
1576 1293 1614 1351 et
1637 1283 1778 1369 pondus
1802 1280 2099 1350 oonfraternitatis

589 1440 670 1487 cum
700 1419 781 1485 aliis
809 1439 882 1485 non
914 1418 1108 1503 portauerit
1143 1422 1286 1505 quando
1321 1419 1426 1488 hrerit
1461 1420 1706 1508 interpellatus
1742 1420 1863 1500 eamd,
1899 1420 2026 1486 iterum
2059 1427 2096 1485 et

589 1556 699 1624 tercio
728 1555 928 1642 coripiatur,
959 1565 995 1623 et
1024 1556 1056 1623 si
1085 1576 1123 1623 se
1149 1577 1222 1624 non
1247 1558 1489 1625 emendauerit
1517 1568 1599 1645 post
1631 1556 1925 1624 ammonicionem
1956 1575 2097 1643 compe-

586 1703 720 1760 tentem
743 1715 765 1759 a
785 1692 1071 1760 confraternitate
1087 1696 1279 1781 repellatur
1299 1705 1337 1762 et
1357 1715 1486 1764 nomen
1508 1698 1585 1781 ejus
1610 1695 1656 1761 de
1680 1694 1771 1762 libro
1796 1694 2095 1763 constaternitatis

585 1830 764 1905 deleatur3
801 1830 970 1916 quociens
999 1850 1107 1916 supra
1134 1830 1175 1897 fit
1204 1832 1343 1900 mencio
1380 1834 1425 1900 de
1461 1830 1696 1900 confratribus
1732 1832 2003 1920 intelligendum
2039 1839 2095 1897 est

585 1986 716 2034 nomen
746 1965 1044 2034 confraternitatis
1073 1968 1236 2035 similiter
1266 1970 1312 2035 de
1340 1970 1528 2038 sororibus.

701 2203 858 2282 NOTA
908 2204 994 2283 DE
1043 2204 1498 2284 FRATERNITATE
1547 2204 1977 2285 KALENDARUM.

715 2380 923 2447 Uenerabili
953 2379 990 2447 iu
1020 2378 1161 2448 Christo
1190 2383 1285 2467 patri
1306 2402 1349 2449 ac
1371 2382 1516 2450 domino
1545 2384 1690 2451 domino
1714 2382 1849 2450 Thome
1873 2380 1944 2449 Dei
1971 2379 2094 2467 gracia
2124 2397 2321 2450 summ-r

583 2516 781 2617 Wygoruie
809 2516 988 2602 Episcopo
1018 2517 1074 2584 sui
1104 2518 1257 2585 humiles
1285 2528 1322 2585 et
1350 2519 1471 2586 deuoti
1499 2518 1681 2587 Robertus
1710 2520 1756 2586 de
1784 2518 1930 2599 Hasele,
1960 2514 2094 2582 Rector
2127 2472 2327 2579 32}me

584 2653 731 2721 ecclesie
759 2655 805 2721 de
833 2653 1001 2734 Derham,
1032 2673 1075 2721 ac
1102 2655 1270 2722 Decanus
1299 2656 1579 2724 Christianitatis
1616 2655 1806 2736 Bristollie,
1834 2652 2093 2739 subjeccionem

584 2789 824 2857 omnimodam
854 2800 955 2855 tanto
983 2790 1078 2875 petri
1106 2791 1275 2872 debitam,
1304 2785 1543 2860 reuerenciam
1572 2802 1609 2859 et
1642 2793 1824 2860 honorem.
1883 2790 2094 2857 Mandatum

584 2937 741 2993 vestrum
758 2926 954 3013 recepimus
975 2936 1133 2994 tenorem
1156 2928 1343 2997 continens
1364 2929 1848 3017 infrascriptum—Thomas
1864 2927 2095 3015 permissione

586 3062 710 3131 diuina
737 3062 936 3149 Wygornie
972 3064 1182 3152 Episcopus¹
1219 3066 1359 3134 dilectis
1389 3068 1459 3135 sibi
1487 3067 1526 3134 in
1556 3066 1697 3135 Christo
1729 3066 1906 3154 Magistro
1934 3063 2096 3132 Roberto

586 3201 631 3266 de
676 3198 821 3279 Hasele,
860 3200 1008 3268 Rectori
1046 3204 1194 3271 ecclesie
1232 3204 1278 3272 de
1315 3203 1474 3271 Derham
1514 3214 1635 3270 nostre
1672 3204 1835 3282 diocesis,
1874 3211 1911 3269 et
1949 3200 2095 3267 Deceuo

576 3304 778 3417 *bristollie
808 3338 967 3424 graciam
996 3348 1032 3405 et
1067 3339 1365 3407 benediccionem.
1425 3338 1614 3425 Querelam
1649 3338 1872 3425 quorundam
1900 3338 2097 3422 recepimus

587 3472 827 3540 continentem
851 3477 946 3560 quod
972 3496 1051 3542 cum
1077 3476 1210 3543 dudum
1235 3476 1329 3543 bone
1351 3475 1521 3543 memorie
1551 3477 1764 3543 reuerendus
1799 3486 1902 3560 pater
1932 3473 2097 3541 dominus

586 3616 768 3684 Walterus
811 3614 882 3681 Dei
924 3614 1047 3701 gracia
1083 3612 1284 3699 Episcopus
1326 3610 1514 3700 Wrgoruie
1560 3614 1788 3699 predecessor
1832 3623 1953 3678 noster
1995 3608 2098 3677 vobis

589 3755 812 3821 commiserat
849 3753 886 3818 in
925 3750 1103 3817 mandatis
1142 3758 1182 3817 ut
1220 3769 1287 3836 pro
1331 3749 1605 3817 consemacione
1642 3750 1847 3817 libertatum
1886 3758 1924 3815 et
1958 3746 2097 3831 Jurium

590 3889 837 3959 Fraternitatis
870 3888 1115 3955 Kalendarum
1151 3886 1299 3953 ecclesie
1335 3885 1504 3955 Omnium
1542 3884 1766 3968 Sanctorum,
1802 3884 1994 3965 Bristollie,
2031 3884 2099 3951 sub

591 4030 694 4115 penis
722 4038 758 4093 et
787 4025 944 4094 censuris
973 4024 1221 4091 ecclesiasticis
1254 4033 1378 4091 contra
1412 4024 1615 4109 hujusmodi
1651 4025 1855 4091 libertatum
1890 4032 1928 4089 et
1962 4022 2099 4106 Jurium

593 4163 908 4231 ecclesiasticorum
944 4159 1112 4227 fractores
1148 4170 1184 4227 et
1214 4162 1476 4247 perturbatores
1504 4162 1751 4249 procederetis,
1776 4158 2038 4229 denunciaretis
2062 4167 2100 4225 et
2229 4173 2235 4185 ·

594 4300 816 4388 inquireretis
856 4320 925 4384 que
964 4298 1085 4365 omnia
1122 4298 1160 4363 in
1197 4298 1266 4364 hac
1304 4306 1406 4382 parte
1445 4298 1547 4365 vobis
1586 4299 1776 4365 commissa
1815 4317 1888 4365 non
1931 4297 2019 4365 estis
2061 4305 2101 4362 vt

596 4436 764 4505 asseritur
791 4435 897 4521 plene
925 4435 1073 4501 executi.
1132 4434 1305 4501 Nolentes
1333 4434 1421 4500 telia
1448 4433 1535 4518 Jura
1563 4434 1805 4501 ecclesiastica
1832 4435 1899 4501 sub
1935 4432 2101 4500 dissimu-

596 4578 734 4647 lacione
763 4576 914 4643 transire
943 4574 1047 4641 sicuti
1076 4594 1140 4641 nec
1170 4576 1349 4655 debemus,
1379 4574 1482 4642 vobis
1518 4586 1555 4641 et
1583 4575 1722 4660 utrique
1750 4584 1905 4640 vestrum
1940 4570 2102 4639 commit·

597 4716 706 4783 timus
741 4723 777 4780 et
813 4714 1023 4779 mandamus
1059 4713 1225 4799 quatinus
1263 4712 1383 4780 omniu
1419 4724 1456 4779 et
1492 4712 1634 4800 singula
1670 4712 1773 4780 vobis
1812 4720 1852 4778 vt
1888 4710 2103 4797 premittitur

598 4850 788 4921 commissa
823 4859 944 4917 nostra
982 4851 1138 4937 presenti
1182 4850 1391 4917 auctoritate
1434 4850 1552 4916 debite
1595 4848 1843 4916 execucionem
1887 4846 2104 4914 demandare

600 4988 739 5070 curetis,
769 5006 954 5073 processus
994 4996 1031 5053 et
1071 4986 1142 5053 alia
1181 5006 1250 5073 que
1288 4988 1327 5053 in
1369 4986 1552 5073 premissis
1594 4982 1748 5051 feceritis
1791 4981 1895 5051 nobis
1938 4982 2105 5048 distimte

1112 5156 1123 5188 ²
1141 5158 1253 5211 Thomu
1263 5158 1297 5210 de
1306 5156 1431 5220 Cobbrm,
1445 5168 1593 5225 ¹3¹7·13²7·
