<?xml version="1.0" encoding="UTF-8"?>
<!DOCTYPE html PUBLIC "-//W3C//DTD XHTML 1.0 Transitional//EN"
    "http://www.w3.org/TR/xhtml1/DTD/xhtml1-transitional.dtd">
<html xmlns="http://www.w3.org/1999/xhtml" xml:lang="en" lang="en">
 <head>
  <title>
</title>
<meta http-equiv="Content-Type" content="text/html;charset=utf-8" />
  <meta name='ocr-system' content='tesseract 3.04.00' />
  <meta name='ocr-capabilities' content='ocr_page ocr_carea ocr_par ocr_line ocrx_word'/>
</head>
<body>
  <div class='ocr_page' id='page_1' title='image "./littleredbookbr00coungoog/littleredbookbr00coungoog_0233.png"; bbox 0 0 4975 6309; ppageno 0'>
   <div class='ocr_carea' id='block_1_1' title="bbox 745 739 1911 837">
    <p class='ocr_par' dir='ltr' id='par_1_1' title="bbox 745 739 1911 837">
     <span class='ocr_line' id='line_1_1' title="bbox 745 739 1911 837; baseline 0 0"><span class='ocrx_word' id='word_1_1' title='bbox 745 742 1125 837; x_wconf 69' lang='lat' dir='ltr'><strong>sustrictus</strong></span> <span class='ocrx_word' id='word_1_2' title='bbox 1152 741 1282 835; x_wconf 77' lang='lat' dir='ltr'><strong>tioolr</strong></span> <span class='ocrx_word' id='word_1_3' title='bbox 1306 741 1357 831; x_wconf 81' lang='lat' dir='ltr'><strong>ot</strong></span> <span class='ocrx_word' id='word_1_4' title='bbox 1386 739 1574 831; x_wconf 53' lang='lat' dir='ltr'><strong>§aaut</strong></span> <span class='ocrx_word' id='word_1_5' title='bbox 1841 746 1911 837; x_wconf 85' lang='lat'><strong>1⁶9</strong></span> 
     </span>
    </p>
   </div>
   <div class='ocr_carea' id='block_1_2' title="bbox 398 954 1950 3363">
    <p class='ocr_par' dir='ltr' id='par_1_2' title="bbox 398 954 1950 3363">
     <span class='ocr_line' id='line_1_2' title="bbox 406 954 1913 1055; baseline -0.003 -29"><span class='ocrx_word' id='word_1_6' title='bbox 406 968 443 1027; x_wconf 90' lang='lat' dir='ltr'><strong>et</strong></span> <span class='ocrx_word' id='word_1_7' title='bbox 506 956 650 1026; x_wconf 82' lang='lat' dir='ltr'><strong>fossatis</strong></span> <span class='ocrx_word' id='word_1_8' title='bbox 706 956 864 1025; x_wconf 87' lang='lat' dir='ltr'><strong>eiusdem</strong></span> <span class='ocrx_word' id='word_1_9' title='bbox 918 955 1046 1037; x_wconf 86' lang='lat' dir='ltr'><strong>Castri,</strong></span> <span class='ocrx_word' id='word_1_10' title='bbox 1104 954 1383 1043; x_wconf 87' lang='lat' dir='ltr'><strong>quibuscumque</strong></span> <span class='ocrx_word' id='word_1_11' title='bbox 1438 954 1588 1055; x_wconf 70' lang='lat' dir='ltr'><strong>mcoetis</strong></span> <span class='ocrx_word' id='word_1_12' title='bbox 1644 961 1817 1020; x_wconf 86' lang='lat' dir='ltr'><strong>terrarum</strong></span> <span class='ocrx_word' id='word_1_13' title='bbox 1874 961 1913 1021; x_wconf 84' lang='lat' dir='ltr'><strong>et</strong></span> 
     </span>
     <span class='ocr_line' id='line_1_3' title="bbox 405 1089 1912 1179; baseline -0.004 -18"><span class='ocrx_word' id='word_1_14' title='bbox 405 1102 686 1161; x_wconf 68' lang='lat' dir='ltr'><strong>tornamentorum</strong></span> <span class='ocrx_word' id='word_1_15' title='bbox 718 1092 845 1161; x_wconf 85' lang='lat' dir='ltr'><strong>futuris</strong></span> <span class='ocrx_word' id='word_1_16' title='bbox 881 1092 1098 1179; x_wconf 77' lang='lat' dir='ltr'><strong>temporibus</strong></span> <span class='ocrx_word' id='word_1_17' title='bbox 1133 1090 1387 1172; x_wconf 78' lang='lat' dir='ltr'><strong>evenientibus,</strong></span> <span class='ocrx_word' id='word_1_18' title='bbox 1431 1089 1668 1158; x_wconf 80' lang='lat' dir='ltr'><strong>advocatione</strong></span> <span class='ocrx_word' id='word_1_19' title='bbox 1713 1108 1758 1156; x_wconf 86' lang='lat' dir='ltr'><strong>ac</strong></span> <span class='ocrx_word' id='word_1_20' title='bbox 1792 1098 1912 1174; x_wconf 85' lang='lat' dir='ltr'><strong>petro·</strong></span> 
     </span>
     <span class='ocr_line' id='line_1_4' title="bbox 406 1224 1910 1317; baseline -0.004 -18"><span class='ocrx_word' id='word_1_21' title='bbox 406 1240 493 1299; x_wconf 87' lang='lat' dir='ltr'><strong>natu</strong></span> <span class='ocrx_word' id='word_1_22' title='bbox 531 1228 690 1298; x_wconf 86' lang='lat' dir='ltr'><strong>Abbatie</strong></span> <span class='ocrx_word' id='word_1_23' title='bbox 733 1228 859 1299; x_wconf 83' lang='lat' dir='ltr'><strong>Sancti</strong></span> <span class='ocrx_word' id='word_1_24' title='bbox 896 1229 1101 1317; x_wconf 81' lang='lat' dir='ltr'><strong>Augustini,</strong></span> <span class='ocrx_word' id='word_1_25' title='bbox 1132 1227 1324 1310; x_wconf 87' lang='lat' dir='ltr'><strong>Bristoilie,</strong></span> <span class='ocrx_word' id='word_1_26' title='bbox 1360 1237 1401 1293; x_wconf 89' lang='lat' dir='ltr'><strong>ut</strong></span> <span class='ocrx_word' id='word_1_27' title='bbox 1437 1226 1634 1314; x_wconf 80' lang='lat' dir='ltr'><strong>predictum</strong></span> <span class='ocrx_word' id='word_1_28' title='bbox 1668 1234 1735 1305; x_wconf 85' lang='lat' dir='ltr'><strong>est,</strong></span> <span class='ocrx_word' id='word_1_29' title='bbox 1765 1224 1910 1293; x_wconf 89' lang='lat' dir='ltr'><strong>omnino</strong></span> 
     </span>
     <span class='ocr_line' id='line_1_5' title="bbox 404 1361 1909 1453; baseline -0.005 -18"><span class='ocrx_word' id='word_1_30' title='bbox 404 1365 574 1453; x_wconf 84' lang='lat' dir='ltr'><strong>exceptis.</strong></span> <span class='ocrx_word' id='word_1_31' title='bbox 625 1366 675 1433; x_wconf 90' lang='lat' dir='ltr'><strong>Et</strong></span> <span class='ocrx_word' id='word_1_32' title='bbox 717 1366 811 1453; x_wconf 91' lang='lat' dir='ltr'><strong>quod</strong></span> <span class='ocrx_word' id='word_1_33' title='bbox 854 1365 962 1433; x_wconf 89' lang='lat' dir='ltr'><strong>iidem</strong></span> <span class='ocrx_word' id='word_1_34' title='bbox 1002 1364 1119 1434; x_wconf 85' lang='lat' dir='ltr'><strong>Maior</strong></span> <span class='ocrx_word' id='word_1_35' title='bbox 1157 1374 1195 1433; x_wconf 90' lang='lat' dir='ltr'><strong>et</strong></span> <span class='ocrx_word' id='word_1_36' title='bbox 1234 1363 1479 1434; x_wconf 76' lang='lat' dir='ltr'><strong>communitas</strong></span> <span class='ocrx_word' id='word_1_37' title='bbox 1513 1372 1551 1431; x_wconf 89' lang='lat' dir='ltr'><strong>et</strong></span> <span class='ocrx_word' id='word_1_38' title='bbox 1587 1381 1807 1430; x_wconf 84' lang='lat' dir='ltr'><strong>successores</strong></span> <span class='ocrx_word' id='word_1_39' title='bbox 1841 1361 1909 1443; x_wconf 88' lang='lat' dir='ltr'><strong>sui,</strong></span> 
     </span>
     <span class='ocr_line' id='line_1_6' title="bbox 405 1496 1910 1587; baseline -0.002 -19"><span class='ocrx_word' id='word_1_40' title='bbox 405 1503 554 1569; x_wconf 77' lang='lat' dir='ltr'><strong>durante</strong></span> <span class='ocrx_word' id='word_1_41' title='bbox 580 1498 657 1579; x_wconf 86' lang='lat' dir='ltr'><strong>vita</strong></span> <span class='ocrx_word' id='word_1_42' title='bbox 684 1510 816 1583; x_wconf 82' lang='lat' dir='ltr'><strong>nostra,</strong></span> <span class='ocrx_word' id='word_1_43' title='bbox 852 1500 1010 1569; x_wconf 80' lang='lat' dir='ltr'><strong>habeant</strong></span> <span class='ocrx_word' id='word_1_44' title='bbox 1044 1500 1240 1587; x_wconf 77' lang='lat' dir='ltr'><strong>pmdictam</strong></span> <span class='ocrx_word' id='word_1_45' title='bbox 1275 1500 1400 1567; x_wconf 85' lang='lat' dir='ltr'><strong>villam</strong></span> <span class='ocrx_word' id='word_1_46' title='bbox 1427 1498 1585 1566; x_wconf 85' lang='lat' dir='ltr'><strong>Bristoll.</strong></span> <span class='ocrx_word' id='word_1_47' title='bbox 1614 1518 1695 1567; x_wconf 89' lang='lat' dir='ltr'><strong>cum</strong></span> <span class='ocrx_word' id='word_1_48' title='bbox 1732 1496 1910 1565; x_wconf 77' lang='lat' dir='ltr'><strong>suburbiis</strong></span> 
     </span>
     <span class='ocr_line' id='line_1_7' title="bbox 402 1633 1910 1723; baseline -0.004 -18"><span class='ocrx_word' id='word_1_49' title='bbox 402 1638 571 1719; x_wconf 90' lang='lat' dir='ltr'><strong>eiusdem,</strong></span> <span class='ocrx_word' id='word_1_50' title='bbox 611 1658 750 1707; x_wconf 79' lang='lat' dir='ltr'><strong>necnon</strong></span> <span class='ocrx_word' id='word_1_51' title='bbox 787 1636 956 1719; x_wconf 72' lang='lat' dir='ltr'><strong>mmeria,</strong></span> <span class='ocrx_word' id='word_1_52' title='bbox 996 1636 1165 1719; x_wconf 87' lang='lat' dir='ltr'><strong>dominia,</strong></span> <span class='ocrx_word' id='word_1_53' title='bbox 1206 1636 1311 1705; x_wconf 81' lang='lat' dir='ltr'><strong>feoda</strong></span> <span class='ocrx_word' id='word_1_54' title='bbox 1352 1644 1390 1704; x_wconf 90' lang='lat' dir='ltr'><strong>et</strong></span> <span class='ocrx_word' id='word_1_55' title='bbox 1433 1636 1513 1703; x_wconf 87' lang='lat' dir='ltr'><strong>loca</strong></span> <span class='ocrx_word' id='word_1_56' title='bbox 1555 1655 1775 1723; x_wconf 88' lang='lat' dir='ltr'><strong>quecumque</strong></span> <span class='ocrx_word' id='word_1_57' title='bbox 1817 1633 1910 1716; x_wconf 74' lang='lat' dir='ltr'><strong>inira</strong></span> 
     </span>
     <span class='ocr_line' id='line_1_8' title="bbox 402 1774 1908 1862; baseline -0.002 -19"><span class='ocrx_word' id='word_1_58' title='bbox 402 1774 621 1860; x_wconf 89' lang='lat' dir='ltr'><strong>procinctum</strong></span> <span class='ocrx_word' id='word_1_59' title='bbox 648 1776 733 1843; x_wconf 91' lang='lat' dir='ltr'><strong>ville</strong></span> <span class='ocrx_word' id='word_1_60' title='bbox 761 1776 919 1861; x_wconf 86' lang='lat' dir='ltr'><strong>predicte</strong></span> <span class='ocrx_word' id='word_1_61' title='bbox 946 1774 1130 1843; x_wconf 75' lang='lat' dir='ltr'><strong>BrIstollie</strong></span> <span class='ocrx_word' id='word_1_62' title='bbox 1157 1794 1237 1843; x_wconf 90' lang='lat' dir='ltr'><strong>curn</strong></span> <span class='ocrx_word' id='word_1_63' title='bbox 1273 1774 1513 1862; x_wconf 78' lang='lat' dir='ltr'><strong>pertinenciis,</strong></span> <span class='ocrx_word' id='word_1_64' title='bbox 1541 1782 1582 1841; x_wconf 91' lang='lat' dir='ltr'><strong>ut</strong></span> <span class='ocrx_word' id='word_1_65' title='bbox 1608 1774 1806 1859; x_wconf 86' lang='lat' dir='ltr'><strong>predictum</strong></span> <span class='ocrx_word' id='word_1_66' title='bbox 1841 1780 1908 1852; x_wconf 82' lang='lat' dir='ltr'><strong>est,</strong></span> 
     </span>
     <span class='ocr_line' id='line_1_9' title="bbox 401 1906 1908 2013; baseline -0.003 -32"><span class='ocrx_word' id='word_1_67' title='bbox 401 1931 470 1999; x_wconf 89' lang='lat' dir='ltr'><strong>que</strong></span> <span class='ocrx_word' id='word_1_68' title='bbox 512 1913 628 1983; x_wconf 90' lang='lat' dir='ltr'><strong>eidem</strong></span> <span class='ocrx_word' id='word_1_69' title='bbox 671 1912 963 2013; x_wconf 82' lang='lat' dir='ltr'><strong>metuendissimo</strong></span> <span class='ocrx_word' id='word_1_70' title='bbox 1006 1913 1150 1982; x_wconf 89' lang='lat' dir='ltr'><strong>domino</strong></span> <span class='ocrx_word' id='word_1_71' title='bbox 1200 1931 1281 1980; x_wconf 89' lang='lat' dir='ltr'><strong>meo</strong></span> <span class='ocrx_word' id='word_1_72' title='bbox 1324 1911 1423 1999; x_wconf 79' lang='lat' dir='ltr'><strong>Regi</strong></span> <span class='ocrx_word' id='word_1_73' title='bbox 1464 1909 1641 1997; x_wconf 83' lang='lat' dir='ltr'><strong>pertinere</strong></span> <span class='ocrx_word' id='word_1_74' title='bbox 1691 1906 1908 1989; x_wconf 72' lang='lat' dir='ltr'><strong>debuissent,</strong></span> 
     </span>
     <span class='ocr_line' id='line_1_10' title="bbox 401 2045 1909 2137; baseline -0.003 -20"><span class='ocrx_word' id='word_1_75' title='bbox 401 2052 432 2117; x_wconf 89' lang='lat' dir='ltr'><strong>si</strong></span> <span class='ocrx_word' id='word_1_76' title='bbox 461 2051 499 2119; x_wconf 91' lang='lat' dir='ltr'><strong>in</strong></span> <span class='ocrx_word' id='word_1_77' title='bbox 527 2070 637 2120; x_wconf 89' lang='lat' dir='ltr'><strong>mann</strong></span> <span class='ocrx_word' id='word_1_78' title='bbox 664 2070 731 2119; x_wconf 88' lang='lat' dir='ltr'><strong>sua</strong></span> <span class='ocrx_word' id='word_1_79' title='bbox 758 2050 903 2137; x_wconf 85' lang='lat' dir='ltr'><strong>propria</strong></span> <span class='ocrx_word' id='word_1_80' title='bbox 930 2050 1143 2135; x_wconf 74' lang='lat' dir='ltr'><strong>retinuisset,</strong></span> <span class='ocrx_word' id='word_1_81' title='bbox 1171 2059 1210 2118; x_wconf 88' lang='lat' dir='ltr'><strong>et</strong></span> <span class='ocrx_word' id='word_1_82' title='bbox 1237 2068 1282 2117; x_wconf 90' lang='lat' dir='ltr'><strong>ea</strong></span> <span class='ocrx_word' id='word_1_83' title='bbox 1310 2048 1415 2117; x_wconf 88' lang='lat' dir='ltr'><strong>nobis</strong></span> <span class='ocrx_word' id='word_1_84' title='bbox 1448 2066 1521 2115; x_wconf 91' lang='lat' dir='ltr'><strong>non</strong></span> <span class='ocrx_word' id='word_1_85' title='bbox 1557 2047 1801 2115; x_wconf 84' lang='lat' dir='ltr'><strong>concessisset.</strong></span> <span class='ocrx_word' id='word_1_86' title='bbox 1859 2045 1909 2113; x_wconf 80' lang='lat' dir='ltr'><strong>Et</strong></span> 
     </span>
     <span class='ocr_line' id='line_1_11' title="bbox 402 2182 1909 2273; baseline -0.001 -20"><span class='ocrx_word' id='word_1_87' title='bbox 402 2186 496 2273; x_wconf 88' lang='lat' dir='ltr'><strong>quod</strong></span> <span class='ocrx_word' id='word_1_88' title='bbox 524 2186 633 2255; x_wconf 89' lang='lat' dir='ltr'><strong>iidem</strong></span> <span class='ocrx_word' id='word_1_89' title='bbox 662 2186 780 2253; x_wconf 87' lang='lat' dir='ltr'><strong>Maior</strong></span> <span class='ocrx_word' id='word_1_90' title='bbox 806 2195 845 2253; x_wconf 87' lang='lat' dir='ltr'><strong>et</strong></span> <span class='ocrx_word' id='word_1_91' title='bbox 872 2184 1118 2254; x_wconf 83' lang='lat' dir='ltr'><strong>Communitas</strong></span> <span class='ocrx_word' id='word_1_92' title='bbox 1145 2195 1182 2253; x_wconf 91' lang='lat' dir='ltr'><strong>et</strong></span> <span class='ocrx_word' id='word_1_93' title='bbox 1218 2204 1438 2253; x_wconf 85' lang='lat' dir='ltr'><strong>successores</strong></span> <span class='ocrx_word' id='word_1_94' title='bbox 1473 2184 1529 2251; x_wconf 87' lang='lat' dir='ltr'><strong>sui</strong></span> <span class='ocrx_word' id='word_1_95' title='bbox 1560 2182 1728 2264; x_wconf 83' lang='lat' dir='ltr'><strong>babeant,</strong></span> <span class='ocrx_word' id='word_1_96' title='bbox 1758 2184 1909 2251; x_wconf 90' lang='lat' dir='ltr'><strong>durante</strong></span> 
     </span>
     <span class='ocr_line' id='line_1_12' title="bbox 400 2318 1909 2412; baseline -0.002 -21"><span class='ocrx_word' id='word_1_97' title='bbox 400 2322 475 2391; x_wconf 84' lang='lat' dir='ltr'><strong>vita</strong></span> <span class='ocrx_word' id='word_1_98' title='bbox 502 2333 636 2406; x_wconf 84' lang='lat' dir='ltr'><strong>nostra,</strong></span> <span class='ocrx_word' id='word_1_99' title='bbox 663 2322 860 2411; x_wconf 81' lang='lat' dir='ltr'><strong>privilegia,</strong></span> <span class='ocrx_word' id='word_1_100' title='bbox 897 2322 1078 2391; x_wconf 77' lang='lat' dir='ltr'><strong>libertates</strong></span> <span class='ocrx_word' id='word_1_101' title='bbox 1109 2332 1147 2391; x_wconf 90' lang='lat' dir='ltr'><strong>et</strong></span> <span class='ocrx_word' id='word_1_102' title='bbox 1181 2324 1420 2392; x_wconf 89' lang='lat' dir='ltr'><strong>emolumenta</strong></span> <span class='ocrx_word' id='word_1_103' title='bbox 1456 2340 1520 2412; x_wconf 85' lang='lat' dir='ltr'><strong>seu</strong></span> <span class='ocrx_word' id='word_1_104' title='bbox 1554 2318 1722 2407; x_wconf 87' lang='lat' dir='ltr'><strong>prolicua,</strong></span> <span class='ocrx_word' id='word_1_105' title='bbox 1758 2320 1837 2387; x_wconf 85' lang='lat' dir='ltr'><strong>iura</strong></span> <span class='ocrx_word' id='word_1_106' title='bbox 1855 2329 1909 2392; x_wconf 85' lang='lat' dir='ltr'><strong>et</strong></span> 
     </span>
     <span class='ocr_line' id='line_1_13' title="bbox 401 2422 1909 2546; baseline -0.003 -19"><span class='ocrx_word' id='word_1_107' title='bbox 401 2459 669 2527; x_wconf 82' lang='lat' dir='ltr'><strong>commoditates</strong></span> <span class='ocrx_word' id='word_1_108' title='bbox 704 2456 796 2526; x_wconf 80' lang='lat' dir='ltr'><strong>inira</strong></span> <span class='ocrx_word' id='word_1_109' title='bbox 845 2458 1065 2546; x_wconf 89' lang='lat' dir='ltr'><strong>procinctum</strong></span> <span class='ocrx_word' id='word_1_110' title='bbox 1115 2458 1273 2546; x_wconf 86' lang='lat' dir='ltr'><strong>predicte</strong></span> <span class='ocrx_word' id='word_1_111' title='bbox 1322 2422 1408 2525; x_wconf 84' lang='lat' dir='ltr'><strong>ville</strong></span> <span class='ocrx_word' id='word_1_112' title='bbox 1457 2456 1649 2537; x_wconf 86' lang='lat' dir='ltr'><strong>Bristoilie,</strong></span> <span class='ocrx_word' id='word_1_113' title='bbox 1700 2439 1737 2523; x_wconf 86' lang='lat' dir='ltr'><strong>et</strong></span> <span class='ocrx_word' id='word_1_114' title='bbox 1788 2456 1909 2523; x_wconf 90' lang='lat' dir='ltr'><strong>omnia</strong></span> 
     </span>
     <span class='ocr_line' id='line_1_14' title="bbox 400 2592 1910 2683; baseline -0.001 -22"><span class='ocrx_word' id='word_1_115' title='bbox 400 2612 616 2681; x_wconf 87' lang='lat' dir='ltr'><strong>quecumque</strong></span> <span class='ocrx_word' id='word_1_116' title='bbox 644 2594 868 2683; x_wconf 76' lang='lat' dir='ltr'><strong>emergentia</strong></span> <span class='ocrx_word' id='word_1_117' title='bbox 896 2614 960 2663; x_wconf 89' lang='lat' dir='ltr'><strong>seu</strong></span> <span class='ocrx_word' id='word_1_118' title='bbox 995 2594 1048 2663; x_wconf 87' lang='lat' dir='ltr'><strong>eis</strong></span> <span class='ocrx_word' id='word_1_119' title='bbox 1083 2594 1303 2681; x_wconf 87' lang='lat' dir='ltr'><strong>pertinencia</strong></span> <span class='ocrx_word' id='word_1_120' title='bbox 1338 2596 1384 2663; x_wconf 88' lang='lat' dir='ltr'><strong>de</strong></span> <span class='ocrx_word' id='word_1_121' title='bbox 1420 2592 1586 2662; x_wconf 83' lang='lat' dir='ltr'><strong>omnibus</strong></span> <span class='ocrx_word' id='word_1_122' title='bbox 1619 2592 1836 2673; x_wconf 89' lang='lat' dir='ltr'><strong>hominibus,</strong></span> <span class='ocrx_word' id='word_1_123' title='bbox 1871 2599 1910 2659; x_wconf 91' lang='lat' dir='ltr'><strong>et</strong></span> 
     </span>
     <span class='ocr_line' id='line_1_15' title="bbox 400 2727 1908 2817; baseline 0.001 -22"><span class='ocrx_word' id='word_1_124' title='bbox 400 2727 636 2796; x_wconf 87' lang='lat' dir='ltr'><strong>residentibus</strong></span> <span class='ocrx_word' id='word_1_125' title='bbox 674 2738 711 2796; x_wconf 90' lang='lat' dir='ltr'><strong>et</strong></span> <span class='ocrx_word' id='word_1_126' title='bbox 742 2748 815 2797; x_wconf 95' lang='lat' dir='ltr'><strong>non</strong></span> <span class='ocrx_word' id='word_1_127' title='bbox 852 2730 1098 2809; x_wconf 86' lang='lat' dir='ltr'><strong>residentibus,</strong></span> <span class='ocrx_word' id='word_1_128' title='bbox 1129 2729 1279 2817; x_wconf 75' lang='lat' dir='ltr'><strong>integris</strong></span> <span class='ocrx_word' id='word_1_129' title='bbox 1307 2730 1510 2799; x_wconf 88' lang='lat' dir='ltr'><strong>tenentibus</strong></span> <span class='ocrx_word' id='word_1_130' title='bbox 1540 2730 1615 2798; x_wconf 84' lang='lat' dir='ltr'><strong>siue</strong></span> <span class='ocrx_word' id='word_1_131' title='bbox 1644 2750 1716 2797; x_wconf 93' lang='lat' dir='ltr'><strong>non</strong></span> <span class='ocrx_word' id='word_1_132' title='bbox 1745 2728 1908 2817; x_wconf 75' lang='lat' dir='ltr'><strong>integris,</strong></span> 
     </span>
     <span class='ocr_line' id='line_1_16' title="bbox 401 2862 1910 2953; baseline 0.003 -25"><span class='ocrx_word' id='word_1_133' title='bbox 401 2881 469 2947; x_wconf 89' lang='lat' dir='ltr'><strong>que</strong></span> <span class='ocrx_word' id='word_1_134' title='bbox 498 2862 593 2931; x_wconf 90' lang='lat' dir='ltr'><strong>idem</strong></span> <span class='ocrx_word' id='word_1_135' title='bbox 621 2864 931 2933; x_wconf 89' lang='lat' dir='ltr'><strong>metuendissimus</strong></span> <span class='ocrx_word' id='word_1_136' title='bbox 955 2864 1119 2933; x_wconf 91' lang='lat' dir='ltr'><strong>dominus</strong></span> <span class='ocrx_word' id='word_1_137' title='bbox 1149 2885 1249 2933; x_wconf 87' lang='lat' dir='ltr'><strong>meus</strong></span> <span class='ocrx_word' id='word_1_138' title='bbox 1274 2866 1358 2934; x_wconf 86' lang='lat' dir='ltr'><strong>Rex</strong></span> <span class='ocrx_word' id='word_1_139' title='bbox 1394 2886 1459 2953; x_wconf 89' lang='lat' dir='ltr'><strong>per</strong></span> <span class='ocrx_word' id='word_1_140' title='bbox 1494 2885 1733 2953; x_wconf 86' lang='lat' dir='ltr'><strong>quascumque</strong></span> <span class='ocrx_word' id='word_1_141' title='bbox 1771 2864 1910 2933; x_wconf 88' lang='lat' dir='ltr'><strong>litteras</strong></span> 
     </span>
     <span class='ocr_line' id='line_1_17' title="bbox 400 3000 1950 3090; baseline 0.003 -26"><span class='ocrx_word' id='word_1_142' title='bbox 400 3016 484 3065; x_wconf 88' lang='lat' dir='ltr'><strong>suas</strong></span> <span class='ocrx_word' id='word_1_143' title='bbox 508 3008 671 3083; x_wconf 86' lang='lat' dir='ltr'><strong>petentes</strong></span> <span class='ocrx_word' id='word_1_144' title='bbox 695 3000 800 3067; x_wconf 89' lang='lat' dir='ltr'><strong>nobis</strong></span> <span class='ocrx_word' id='word_1_145' title='bbox 828 3000 1040 3069; x_wconf 86' lang='lat' dir='ltr'><strong>concesserit</strong></span> <span class='ocrx_word' id='word_1_146' title='bbox 1065 3002 1154 3069; x_wconf 87' lang='lat' dir='ltr'><strong>adeo</strong></span> <span class='ocrx_word' id='word_1_147' title='bbox 1179 3004 1286 3087; x_wconf 90' lang='lat' dir='ltr'><strong>plene</strong></span> <span class='ocrx_word' id='word_1_148' title='bbox 1313 3012 1350 3069; x_wconf 91' lang='lat' dir='ltr'><strong>et</strong></span> <span class='ocrx_word' id='word_1_149' title='bbox 1379 3003 1517 3090; x_wconf 78' lang='lat' dir='ltr'><strong>integre</strong></span> <span class='ocrx_word' id='word_1_150' title='bbox 1545 3003 1637 3069; x_wconf 89' lang='lat' dir='ltr'><strong>sieut</strong></span> <span class='ocrx_word' id='word_1_151' title='bbox 1664 3022 1710 3069; x_wconf 83' lang='lat' dir='ltr'><strong>aa</strong></span> <span class='ocrx_word' id='word_1_152' title='bbox 1738 3002 1776 3069; x_wconf 90' lang='lat' dir='ltr'><strong>in</strong></span> <span class='ocrx_word' id='word_1_153' title='bbox 1800 3020 1909 3069; x_wconf 90' lang='lat' dir='ltr'><strong>manu</strong></span> <span class='ocrx_word' id='word_1_154' title='bbox 1945 3007 1950 3012; x_wconf 81' lang='grc'><em>“</em></span> 
     </span>
     <span class='ocr_line' id='line_1_18' title="bbox 401 3137 1909 3223; baseline 0.001 -20"><span class='ocrx_word' id='word_1_155' title='bbox 401 3156 465 3203; x_wconf 90' lang='lat' dir='ltr'><strong>sua</strong></span> <span class='ocrx_word' id='word_1_156' title='bbox 492 3137 637 3223; x_wconf 90' lang='lat' dir='ltr'><strong>propria</strong></span> <span class='ocrx_word' id='word_1_157' title='bbox 664 3138 878 3219; x_wconf 86' lang='lat' dir='ltr'><strong>retinuisset,</strong></span> <span class='ocrx_word' id='word_1_158' title='bbox 907 3140 965 3205; x_wconf 90' lang='lat' dir='ltr'><strong>vel</strong></span> <span class='ocrx_word' id='word_1_159' title='bbox 994 3138 1109 3207; x_wconf 87' lang='lat' dir='ltr'><strong>eciam</strong></span> <span class='ocrx_word' id='word_1_160' title='bbox 1138 3158 1182 3205; x_wconf 85' lang='lat' dir='ltr'><strong>ea</strong></span> <span class='ocrx_word' id='word_1_161' title='bbox 1210 3158 1278 3206; x_wconf 88' lang='lat' dir='ltr'><strong>nos</strong></span> <span class='ocrx_word' id='word_1_162' title='bbox 1298 3140 1510 3207; x_wconf 84' lang='lat' dir='ltr'><strong>haberemus</strong></span> <span class='ocrx_word' id='word_1_163' title='bbox 1531 3140 1563 3206; x_wconf 88' lang='lat' dir='ltr'><strong>si</strong></span> <span class='ocrx_word' id='word_1_164' title='bbox 1584 3140 1623 3205; x_wconf 91' lang='lat' dir='ltr'><strong>in</strong></span> <span class='ocrx_word' id='word_1_165' title='bbox 1644 3158 1754 3205; x_wconf 87' lang='lat' dir='ltr'><strong>manu</strong></span> <span class='ocrx_word' id='word_1_166' title='bbox 1774 3147 1909 3219; x_wconf 90' lang='lat' dir='ltr'><strong>nostra,</strong></span> 
     </span>
     <span class='ocr_line' id='line_1_19' title="bbox 398 3272 1910 3363; baseline 0 -22"><span class='ocrx_word' id='word_1_167' title='bbox 398 3272 528 3342; x_wconf 88' lang='lat' dir='ltr'><strong>virtute</strong></span> <span class='ocrx_word' id='word_1_168' title='bbox 570 3274 838 3343; x_wconf 89' lang='lat' dir='ltr'><strong>concessionum</strong></span> <span class='ocrx_word' id='word_1_169' title='bbox 881 3276 1118 3363; x_wconf 83' lang='lat' dir='ltr'><strong>predietsmm</strong></span> <span class='ocrx_word' id='word_1_170' title='bbox 1161 3276 1312 3363; x_wconf 88' lang='lat' dir='ltr'><strong>predicti</strong></span> <span class='ocrx_word' id='word_1_171' title='bbox 1348 3276 1629 3343; x_wconf 88' lang='lat' dir='ltr'><strong>metuendissimi</strong></span> <span class='ocrx_word' id='word_1_172' title='bbox 1665 3275 1801 3342; x_wconf 91' lang='lat' dir='ltr'><strong>domini</strong></span> <span class='ocrx_word' id='word_1_173' title='bbox 1839 3274 1910 3342; x_wconf 87' lang='lat' dir='ltr'><strong>mei</strong></span> 
     </span>
    </p>
   </div>
   <div class='ocr_carea' id='block_1_3' title="bbox 398 3408 1909 3771">
    <p class='ocr_par' dir='ltr' id='par_1_3' title="bbox 398 3408 1909 3771">
     <span class='ocr_line' id='line_1_20' title="bbox 400 3408 1909 3504; baseline 0 -27"><span class='ocrx_word' id='word_1_174' title='bbox 400 3408 516 3504; x_wconf 79' lang='lat' dir='ltr'><strong>Regis</strong></span> <span class='ocrx_word' id='word_1_175' title='bbox 545 3410 813 3480; x_wconf 88' lang='lat' dir='ltr'><strong>retinuissemus</strong></span> <span class='ocrx_word' id='word_1_176' title='bbox 842 3432 922 3480; x_wconf 88' lang='lat' dir='ltr'><strong>cunr</strong></span> <span class='ocrx_word' id='word_1_177' title='bbox 951 3412 1116 3481; x_wconf 89' lang='lat' dir='ltr'><strong>omnibus</strong></span> <span class='ocrx_word' id='word_1_178' title='bbox 1144 3412 1312 3500; x_wconf 87' lang='lat' dir='ltr'><strong>proficuis</strong></span> <span class='ocrx_word' id='word_1_179' title='bbox 1339 3423 1376 3480; x_wconf 91' lang='lat' dir='ltr'><strong>et</strong></span> <span class='ocrx_word' id='word_1_180' title='bbox 1405 3412 1540 3480; x_wconf 88' lang='lat' dir='ltr'><strong>iuribus</strong></span> <span class='ocrx_word' id='word_1_181' title='bbox 1568 3412 1622 3479; x_wconf 87' lang='lat' dir='ltr'><strong>eis</strong></span> <span class='ocrx_word' id='word_1_182' title='bbox 1649 3410 1909 3497; x_wconf 88' lang='lat' dir='ltr'><strong>pertinentibus</strong></span> 
     </span>
     <span class='ocr_line' id='line_1_21' title="bbox 399 3546 1909 3636; baseline 0 -23"><span class='ocrx_word' id='word_1_183' title='bbox 399 3547 475 3615; x_wconf 85' lang='lat' dir='ltr'><strong>sive</strong></span> <span class='ocrx_word' id='word_1_184' title='bbox 518 3548 761 3635; x_wconf 80' lang='lat' dir='ltr'><strong>spectantibus</strong></span> <span class='ocrx_word' id='word_1_185' title='bbox 801 3567 943 3635; x_wconf 89' lang='lat' dir='ltr'><strong>quoquo</strong></span> <span class='ocrx_word' id='word_1_186' title='bbox 983 3550 1091 3617; x_wconf 91' lang='lat' dir='ltr'><strong>modo</strong></span> <span class='ocrx_word' id='word_1_187' title='bbox 1131 3568 1211 3618; x_wconf 88' lang='lat' dir='ltr'><strong>curn</strong></span> <span class='ocrx_word' id='word_1_188' title='bbox 1253 3548 1493 3636; x_wconf 87' lang='lat' dir='ltr'><strong>pertinenciis,</strong></span> <span class='ocrx_word' id='word_1_189' title='bbox 1523 3547 1649 3615; x_wconf 87' lang='lat' dir='ltr'><strong>Castro</strong></span> <span class='ocrx_word' id='word_1_190' title='bbox 1689 3556 1727 3614; x_wconf 93' lang='lat' dir='ltr'><strong>et</strong></span> <span class='ocrx_word' id='word_1_191' title='bbox 1765 3546 1909 3615; x_wconf 84' lang='lat' dir='ltr'><strong>fossatis</strong></span> 
     </span>
     <span class='ocr_line' id='line_1_22' title="bbox 398 3680 1908 3771; baseline -0.002 -22"><span class='ocrx_word' id='word_1_192' title='bbox 398 3683 556 3751; x_wconf 89' lang='lat' dir='ltr'><strong>eiusdem</strong></span> <span class='ocrx_word' id='word_1_193' title='bbox 585 3683 712 3766; x_wconf 86' lang='lat' dir='ltr'><strong>Castri,</strong></span> <span class='ocrx_word' id='word_1_194' title='bbox 742 3685 1021 3771; x_wconf 88' lang='lat' dir='ltr'><strong>quibuscumque</strong></span> <span class='ocrx_word' id='word_1_195' title='bbox 1055 3683 1206 3751; x_wconf 87' lang='lat' dir='ltr'><strong>esceetis</strong></span> <span class='ocrx_word' id='word_1_196' title='bbox 1227 3693 1399 3751; x_wconf 88' lang='lat' dir='ltr'><strong>terrarum</strong></span> <span class='ocrx_word' id='word_1_197' title='bbox 1422 3690 1460 3748; x_wconf 93' lang='lat' dir='ltr'><strong>et</strong></span> <span class='ocrx_word' id='word_1_198' title='bbox 1480 3691 1761 3749; x_wconf 87' lang='lat' dir='ltr'><strong>tenementorum</strong></span> <span class='ocrx_word' id='word_1_199' title='bbox 1781 3680 1908 3747; x_wconf 85' lang='lat' dir='ltr'><strong>futuris</strong></span> 
     </span>
    </p>
   </div>
   <div class='ocr_carea' id='block_1_4' title="bbox 392 3816 1909 5137">
    <p class='ocr_par' dir='ltr' id='par_1_4' title="bbox 392 3816 1909 5137">
     <span class='ocr_line' id='line_1_23' title="bbox 399 3816 1907 3905; baseline -0.001 -20"><span class='ocrx_word' id='word_1_200' title='bbox 399 3818 617 3905; x_wconf 86' lang='lat' dir='ltr'><strong>temporibus</strong></span> <span class='ocrx_word' id='word_1_201' title='bbox 645 3820 892 3889; x_wconf 87' lang='lat' dir='ltr'><strong>evenientibus</strong></span> <span class='ocrx_word' id='word_1_202' title='bbox 921 3842 963 3888; x_wconf 87' lang='lat' dir='ltr'><strong>ac</strong></span> <span class='ocrx_word' id='word_1_203' title='bbox 992 3822 1229 3890; x_wconf 78' lang='lat' dir='ltr'><strong>advocatione</strong></span> <span class='ocrx_word' id='word_1_204' title='bbox 1258 3839 1322 3888; x_wconf 89' lang='lat' dir='ltr'><strong>seu</strong></span> <span class='ocrx_word' id='word_1_205' title='bbox 1356 3828 1547 3905; x_wconf 78' lang='lat' dir='ltr'><strong>patronatu</strong></span> <span class='ocrx_word' id='word_1_206' title='bbox 1587 3818 1744 3885; x_wconf 83' lang='lat' dir='ltr'><strong>Abbatie</strong></span> <span class='ocrx_word' id='word_1_207' title='bbox 1783 3816 1907 3884; x_wconf 88' lang='lat' dir='ltr'><strong>Sancti</strong></span> 
     </span>
     <span class='ocr_line' id='line_1_24' title="bbox 392 3952 1909 4059; baseline -0.001 -38"><span class='ocrx_word' id='word_1_208' title='bbox 392 3954 603 4042; x_wconf 64' lang='lat' dir='ltr'><strong>Augustini,</strong></span> <span class='ocrx_word' id='word_1_209' title='bbox 618 3954 810 4035; x_wconf 89' lang='lat' dir='ltr'><strong>Bristoilie,</strong></span> <span class='ocrx_word' id='word_1_210' title='bbox 826 3956 971 4059; x_wconf 85' lang='lat' dir='ltr'><strong>omnino</strong></span> <span class='ocrx_word' id='word_1_211' title='bbox 985 3956 1154 4043; x_wconf 83' lang='lat' dir='ltr'><strong>exeeptis.</strong></span> <span class='ocrx_word' id='word_1_212' title='bbox 1201 3954 1381 4023; x_wconf 88' lang='lat' dir='ltr'><strong>Habenda</strong></span> <span class='ocrx_word' id='word_1_213' title='bbox 1393 3964 1431 4021; x_wconf 90' lang='lat' dir='ltr'><strong>et</strong></span> <span class='ocrx_word' id='word_1_214' title='bbox 1445 3954 1600 4021; x_wconf 87' lang='lat' dir='ltr'><strong>tenenda</strong></span> <span class='ocrx_word' id='word_1_215' title='bbox 1614 3952 1736 4021; x_wconf 87' lang='lat' dir='ltr'><strong>omnia</strong></span> <span class='ocrx_word' id='word_1_216' title='bbox 1749 3953 1909 4039; x_wconf 89' lang='lat' dir='ltr'><strong>predicta</strong></span> 
     </span>
     <span class='ocr_line' id='line_1_25' title="bbox 397 4089 1909 4175; baseline -0.001 -16"><span class='ocrx_word' id='word_1_217' title='bbox 397 4092 520 4159; x_wconf 82' lang='lat' dir='ltr'><strong>villam</strong></span> <span class='ocrx_word' id='word_1_218' title='bbox 548 4091 719 4174; x_wconf 77' lang='lat' dir='ltr'><strong>Bristoll,</strong></span> <span class='ocrx_word' id='word_1_219' title='bbox 750 4102 873 4175; x_wconf 89' lang='lat' dir='ltr'><strong>terras,</strong></span> <span class='ocrx_word' id='word_1_220' title='bbox 903 4104 1107 4161; x_wconf 84' lang='lat' dir='ltr'><strong>tenementa</strong></span> <span class='ocrx_word' id='word_1_221' title='bbox 1135 4102 1172 4159; x_wconf 96' lang='lat' dir='ltr'><strong>et</strong></span> <span class='ocrx_word' id='word_1_222' title='bbox 1200 4094 1256 4160; x_wconf 90' lang='lat' dir='ltr'><strong>les</strong></span> <span class='ocrx_word' id='word_1_223' title='bbox 1280 4091 1548 4161; x_wconf 87' lang='lat' dir='ltr'><strong>ffiesslramelles</strong></span> <span class='ocrx_word' id='word_1_224' title='bbox 1587 4091 1626 4157; x_wconf 92' lang='lat' dir='ltr'><strong>in</strong></span> <span class='ocrx_word' id='word_1_225' title='bbox 1658 4091 1784 4158; x_wconf 89' lang='lat' dir='ltr'><strong>eadem</strong></span> <span class='ocrx_word' id='word_1_226' title='bbox 1822 4089 1909 4157; x_wconf 83' lang='lat' dir='ltr'><strong>villa</strong></span> 
     </span>
     <span class='ocr_line' id='line_1_26' title="bbox 398 4226 1907 4331; baseline -0.003 -34"><span class='ocrx_word' id='word_1_227' title='bbox 398 4247 478 4297; x_wconf 90' lang='lat' dir='ltr'><strong>cum</strong></span> <span class='ocrx_word' id='word_1_228' title='bbox 521 4228 696 4311; x_wconf 88' lang='lat' dir='ltr'><strong>domibus,</strong></span> <span class='ocrx_word' id='word_1_229' title='bbox 737 4228 870 4315; x_wconf 86' lang='lat' dir='ltr'><strong>shopis,</strong></span> <span class='ocrx_word' id='word_1_230' title='bbox 914 4229 1076 4316; x_wconf 80' lang='lat' dir='ltr'><strong>ostagiis,</strong></span> <span class='ocrx_word' id='word_1_231' title='bbox 1115 4228 1236 4309; x_wconf 81' lang='lat' dir='ltr'><strong>caldis,</strong></span> <span class='ocrx_word' id='word_1_232' title='bbox 1281 4228 1453 4316; x_wconf 82' lang='lat' dir='ltr'><strong>gardinis,</strong></span> <span class='ocrx_word' id='word_1_233' title='bbox 1494 4227 1718 4331; x_wconf 82' lang='lat' dir='ltr'><strong>molendinis,</strong></span> <span class='ocrx_word' id='word_1_234' title='bbox 1755 4226 1907 4311; x_wconf 72' lang='lat' dir='ltr'><strong>stagnis,</strong></span> 
     </span>
     <span class='ocr_line' id='line_1_27' title="bbox 398 4364 1906 4453; baseline -0.001 -20"><span class='ocrx_word' id='word_1_235' title='bbox 398 4374 486 4452; x_wconf 83' lang='lat' dir='ltr'><strong>tyna</strong></span> <span class='ocrx_word' id='word_1_236' title='bbox 545 4364 673 4447; x_wconf 84' lang='lat' dir='ltr'><strong>Castri,</strong></span> <span class='ocrx_word' id='word_1_237' title='bbox 726 4365 923 4435; x_wconf 89' lang='lat' dir='ltr'><strong>redditibus</strong></span> <span class='ocrx_word' id='word_1_238' title='bbox 976 4365 1180 4453; x_wconf 82' lang='lat' dir='ltr'><strong>langabilis,</strong></span> <span class='ocrx_word' id='word_1_239' title='bbox 1235 4366 1379 4451; x_wconf 87' lang='lat' dir='ltr'><strong>placitis</strong></span> <span class='ocrx_word' id='word_1_240' title='bbox 1422 4364 1538 4445; x_wconf 83' lang='lat' dir='ltr'><strong>Curio,</strong></span> <span class='ocrx_word' id='word_1_241' title='bbox 1582 4364 1689 4445; x_wconf 82' lang='lat' dir='ltr'><strong>feriis,</strong></span> <span class='ocrx_word' id='word_1_242' title='bbox 1729 4364 1906 4448; x_wconf 83' lang='lat' dir='ltr'><strong>mercatis,</strong></span> 
     </span>
     <span class='ocr_line' id='line_1_28' title="bbox 397 4500 1907 4580; baseline 0 -11"><span class='ocrx_word' id='word_1_243' title='bbox 397 4501 655 4569; x_wconf 81' lang='lat' dir='ltr'><strong>reversionibus</strong></span> <span class='ocrx_word' id='word_1_244' title='bbox 683 4501 728 4569; x_wconf 88' lang='lat' dir='ltr'><strong>de</strong></span> <span class='ocrx_word' id='word_1_245' title='bbox 755 4503 920 4571; x_wconf 87' lang='lat' dir='ltr'><strong>omnibus</strong></span> <span class='ocrx_word' id='word_1_246' title='bbox 949 4502 1152 4571; x_wconf 88' lang='lat' dir='ltr'><strong>tenentibus</strong></span> <span class='ocrx_word' id='word_1_247' title='bbox 1181 4502 1227 4569; x_wconf 85' lang='lat' dir='ltr'><strong>ad</strong></span> <span class='ocrx_word' id='word_1_248' title='bbox 1257 4501 1447 4569; x_wconf 89' lang='lat' dir='ltr'><strong>terminum</strong></span> <span class='ocrx_word' id='word_1_249' title='bbox 1475 4500 1549 4569; x_wconf 87' lang='lat' dir='ltr'><strong>vite</strong></span> <span class='ocrx_word' id='word_1_250' title='bbox 1572 4502 1631 4567; x_wconf 89' lang='lat' dir='ltr'><strong>vel</strong></span> <span class='ocrx_word' id='word_1_251' title='bbox 1655 4520 1839 4580; x_wconf 86' lang='lat' dir='ltr'><strong>annorum,</strong></span> <span class='ocrx_word' id='word_1_252' title='bbox 1869 4512 1907 4569; x_wconf 90' lang='lat' dir='ltr'><strong>et</strong></span> 
     </span>
     <span class='ocr_line' id='line_1_29' title="bbox 397 4638 1906 4726; baseline 0.001 -22"><span class='ocrx_word' id='word_1_253' title='bbox 397 4638 562 4706; x_wconf 88' lang='lat' dir='ltr'><strong>omnibus</strong></span> <span class='ocrx_word' id='word_1_254' title='bbox 611 4638 693 4705; x_wconf 85' lang='lat' dir='ltr'><strong>aliis</strong></span> <span class='ocrx_word' id='word_1_255' title='bbox 738 4638 1055 4719; x_wconf 89' lang='lat' dir='ltr'><strong>iurisdiccionibus,</strong></span> <span class='ocrx_word' id='word_1_256' title='bbox 1107 4638 1420 4707; x_wconf 88' lang='lat' dir='ltr'><strong>consuetudinibus</strong></span> <span class='ocrx_word' id='word_1_257' title='bbox 1468 4650 1506 4706; x_wconf 88' lang='lat' dir='ltr'><strong>at</strong></span> <span class='ocrx_word' id='word_1_258' title='bbox 1548 4638 1777 4726; x_wconf 87' lang='lat' dir='ltr'><strong>pertinenciis</strong></span> <span class='ocrx_word' id='word_1_259' title='bbox 1820 4638 1906 4706; x_wconf 87' lang='lat' dir='ltr'><strong>ville</strong></span> 
     </span>
     <span class='ocr_line' id='line_1_30' title="bbox 397 4774 1905 4862; baseline -0.001 -19"><span class='ocrx_word' id='word_1_260' title='bbox 397 4774 554 4861; x_wconf 88' lang='lat' dir='ltr'><strong>predicte</strong></span> <span class='ocrx_word' id='word_1_261' title='bbox 593 4785 630 4843; x_wconf 87' lang='lat' dir='ltr'><strong>et</strong></span> <span class='ocrx_word' id='word_1_262' title='bbox 669 4776 915 4845; x_wconf 86' lang='lat' dir='ltr'><strong>suburbiorum</strong></span> <span class='ocrx_word' id='word_1_263' title='bbox 952 4776 1110 4844; x_wconf 86' lang='lat' dir='ltr'><strong>eiusdem</strong></span> <span class='ocrx_word' id='word_1_264' title='bbox 1146 4796 1227 4844; x_wconf 89' lang='lat' dir='ltr'><strong>cum</strong></span> <span class='ocrx_word' id='word_1_265' title='bbox 1263 4776 1492 4861; x_wconf 88' lang='lat' dir='ltr'><strong>pertinenciis</strong></span> <span class='ocrx_word' id='word_1_266' title='bbox 1527 4774 1674 4862; x_wconf 84' lang='lat' dir='ltr'><strong>prefatis</strong></span> <span class='ocrx_word' id='word_1_267' title='bbox 1709 4774 1840 4842; x_wconf 87' lang='lat' dir='ltr'><strong>Maiori</strong></span> <span class='ocrx_word' id='word_1_268' title='bbox 1868 4786 1905 4842; x_wconf 91' lang='lat' dir='ltr'><strong>et</strong></span> 
     </span>
     <span class='ocr_line' id='line_1_31' title="bbox 398 4911 1907 4997; baseline -0.001 -17"><span class='ocrx_word' id='word_1_269' title='bbox 398 4911 653 4981; x_wconf 84' lang='lat' dir='ltr'><strong>Communitati</strong></span> <span class='ocrx_word' id='word_1_270' title='bbox 685 4912 769 4981; x_wconf 82' lang='lat' dir='ltr'><strong>ville</strong></span> <span class='ocrx_word' id='word_1_271' title='bbox 801 4913 983 4981; x_wconf 87' lang='lat' dir='ltr'><strong>Bristollie</strong></span> <span class='ocrx_word' id='word_1_272' title='bbox 1011 4922 1049 4981; x_wconf 89' lang='lat' dir='ltr'><strong>et</strong></span> <span class='ocrx_word' id='word_1_273' title='bbox 1076 4912 1339 4980; x_wconf 86' lang='lat' dir='ltr'><strong>successoribus</strong></span> <span class='ocrx_word' id='word_1_274' title='bbox 1364 4911 1448 4994; x_wconf 91' lang='lat' dir='ltr'><strong>suis,</strong></span> <span class='ocrx_word' id='word_1_275' title='bbox 1480 4932 1523 4980; x_wconf 86' lang='lat' dir='ltr'><strong>ac</strong></span> <span class='ocrx_word' id='word_1_276' title='bbox 1551 4914 1673 4979; x_wconf 85' lang='lat' dir='ltr'><strong>omnia</strong></span> <span class='ocrx_word' id='word_1_277' title='bbox 1697 4921 1735 4979; x_wconf 89' lang='lat' dir='ltr'><strong>et</strong></span> <span class='ocrx_word' id='word_1_278' title='bbox 1763 4912 1907 4997; x_wconf 76' lang='lat' dir='ltr'><strong>singula</strong></span> 
     </span>
     <span class='ocr_line' id='line_1_32' title="bbox 398 5048 1905 5137; baseline 0.001 -22"><span class='ocrx_word' id='word_1_279' title='bbox 398 5048 580 5118; x_wconf 87' lang='lat' dir='ltr'><strong>libertates</strong></span> <span class='ocrx_word' id='word_1_280' title='bbox 607 5059 644 5117; x_wconf 90' lang='lat' dir='ltr'><strong>et</strong></span> <span class='ocrx_word' id='word_1_281' title='bbox 672 5048 861 5137; x_wconf 82' lang='lat' dir='ltr'><strong>privilegia</strong></span> <span class='ocrx_word' id='word_1_282' title='bbox 888 5060 925 5119; x_wconf 91' lang='lat' dir='ltr'><strong>et</strong></span> <span class='ocrx_word' id='word_1_283' title='bbox 951 5048 1170 5118; x_wconf 74' lang='lat' dir='ltr'><strong>banchesias</strong></span> <span class='ocrx_word' id='word_1_284' title='bbox 1199 5048 1404 5135; x_wconf 85' lang='lat' dir='ltr'><strong>supradicta</strong></span> <span class='ocrx_word' id='word_1_285' title='bbox 1431 5048 1524 5117; x_wconf 86' lang='lat' dir='ltr'><strong>inira</strong></span> <span class='ocrx_word' id='word_1_286' title='bbox 1552 5050 1674 5118; x_wconf 82' lang='lat' dir='ltr'><strong>villam</strong></span> <span class='ocrx_word' id='word_1_287' title='bbox 1710 5048 1905 5136; x_wconf 87' lang='lat' dir='ltr'><strong>predictam</strong></span> 
     </span>
    </p>
   </div>
   <div class='ocr_carea' id='block_1_5' title="bbox 0 0 2492 6309">
    <p class='ocr_par' dir='ltr' id='par_1_5' title="bbox 0 0 2492 6309">
     <span class='ocr_line' id='line_1_33' title="bbox 0 0 2492 6309; baseline 0 2"><span class='ocrx_word' id='word_1_288' title='bbox 0 0 2492 6309; x_wconf 95' lang='lat' dir='ltr'><strong> </strong></span> 
     </span>
    </p>
   </div>
  </div>
 </body>
</html>
