4975 6309
770 757 869 848 llbc
892 758 1031 848 little
1056 760 1154 849 ileo
1179 758 1308 850 Boon
1333 759 1384 848 ot
1412 755 1600 850 tunel
1889 783 1937 857 79

431 969 700 1056 inquisicionem
729 971 886 1054 mercati,
914 973 1000 1059 quia
1023 983 1143 1059 partes
1165 973 1397 1040 consenciunt
1424 971 1462 1038 in
1491 971 1693 1040 huiusmodi
1721 971 1846 1040 iuratis
1874 992 1938 1040 seu

430 1104 735 1190 inquisicionibus,
763 1114 800 1174 et
837 1108 973 1176 habent
1011 1110 1154 1176 easdem
1188 1108 1410 1195 calumpnias
1439 1117 1562 1175 cenna
1594 1117 1806 1176 mercatores
1837 1129 1880 1176 ac
1905 1109 1938 1177 si

430 1253 550 1310 essent
579 1245 626 1312 ad
654 1264 876 1314 communem
903 1251 1021 1336 legem
1049 1250 1193 1337 Anglie.
1238 1249 1304 1317 Set
1331 1249 1370 1315 in
1411 1267 1497 1316 casu
1536 1267 1608 1334 quo
1644 1251 1796 1335 probata
1831 1249 1937 1316 firerit

431 1381 529 1449 accio
571 1382 629 1448 vel
665 1382 824 1450 defensio
866 1386 924 1451 vel
963 1406 1027 1471 per
1065 1397 1199 1454 sectam
1227 1387 1468 1453 examinatam
1506 1385 1544 1452 in
1584 1395 1708 1472 aperta
1752 1387 1938 1454 audiencia

429 1518 544 1586 tocius
568 1518 673 1588 Curie
697 1541 766 1606 que
791 1522 1013 1591 examinacio
1040 1525 1146 1592 debet
1174 1523 1251 1591 fieri
1280 1523 1521 1610 principaliter
1548 1542 1611 1612 per
1639 1524 1872 1590 senescallum
1901 1533 1938 1590 et

430 1654 520 1722 duos
558 1655 785 1723 discreciores
824 1657 982 1725 eiusdem
1021 1659 1126 1727 Curie
1164 1682 1229 1746 per
1268 1660 1384 1746 ipsam
1423 1659 1567 1728 Curiam
1612 1660 1659 1726 ad
1696 1660 1765 1726 hoc
1793 1661 1934 1727 electos

432 1788 608 1876 Queratur
635 1813 658 1858 a
686 1791 896 1860 defendente
935 1804 1125 1882 antequam
1159 1797 1328 1864 iudicium
1362 1798 1528 1864 reddant
1561 1795 1593 1863 si
1630 1796 1765 1883 aliquid
1797 1816 1864 1883 pro
1898 1815 1937 1864 se

432 1927 564 2008 habeat
598 1930 657 1996 vel
687 1930 805 1998 dicere
833 1933 923 1999 sciat
950 1953 1060 2019 quare
1089 1935 1281 2000 secundum
1311 1933 1543 2020 probaciones
1571 1931 1653 1998 illas
1687 1933 1735 1999 ad
1771 1931 1939 1999 iudicium

434 2065 579 2150 procedi
616 2086 689 2133 non
729 2067 868 2136 debeat.
924 2068 969 2136 In
997 2090 1070 2156 quo
1098 2089 1184 2137 casu
1211 2078 1267 2137 est
1293 2071 1495 2138 ordinatum
1523 2069 1618 2154 quod
1649 2067 1842 2136 defendens
1879 2069 1941 2135 ille

435 2201 473 2267 in
513 2222 580 2270 sua
616 2206 760 2290 propria
798 2226 953 2292 persona
985 2217 1071 2276 tunc
1105 2208 1153 2274 sit
1184 2208 1236 2274 ibi
1264 2217 1302 2274 et
1329 2205 1456 2274 offerat
1483 2223 1523 2274 se
1550 2214 1715 2292 paratum
1744 2206 1792 2272 ad
1822 2223 1941 2291 repro-

431 2345 590 2412 bandum
626 2354 664 2412 et
706 2347 987 2414 conuincendum
1029 2355 1233 2432 querentem
1277 2365 1341 2412 seu
1382 2352 1562 2430 petentem
1604 2352 1642 2410 et
1681 2351 1815 2410 sectam
1860 2360 1940 2410 esse

433 2481 592 2567 periuros
620 2481 828 2549 admittatur
854 2486 922 2551 sub
951 2483 1022 2550 tna
1048 2483 1162 2550 forma
1175 2481 1350 2549 r-Primo
1378 2480 1510 2548 iurabit
1546 2480 1642 2566 quod
1681 2480 1824 2566 querela
1863 2478 1946 2563 siue¹

431 2615 562 2702 peticio
589 2636 698 2702 quam
725 2637 811 2684 suus
844 2619 1068 2686 aduersarius
1099 2617 1185 2686 facit
1218 2637 1342 2684 versus
1371 2637 1452 2685 aum
1477 2624 1533 2684 est
1561 2615 1694 2686 iniusta
1715 2625 1752 2682 et
1779 2615 1871 2682 salsa
1902 2625 1941 2682 et

432 2755 528 2840 quod
555 2753 610 2820 illi
638 2773 730 2839 quos
753 2755 832 2840 ipse
853 2773 973 2822 secum
1002 2755 1151 2842 adduxit
1179 2755 1256 2822 siue
1285 2773 1349 2839 per
1377 2753 1549 2820 auxilium
1577 2752 1684 2821 Curie
1711 2752 1831 2820 venire
1858 2750 1942 2818 fecit

432 2909 553 2958 secum
577 2890 614 2957 in
641 2877 882 2958 testimonium
905 2892 944 2958 in
968 2912 1013 2959 ea
1036 2903 1139 2980 parte
1162 2892 1292 2959 falsum
1316 2892 1475 2958 iurarunt
1497 2899 1534 2956 et
1563 2890 1788 2956 nominentur
1818 2887 1943 2975 singil-

431 3027 544 3105 latim,
573 3034 611 3094 et
639 3027 734 3112 qnod
759 3028 837 3113 ipse
864 3028 1018 3096 intendit
1054 3039 1091 3098 et
1132 3028 1281 3096 firmiter
1320 3027 1432 3096 credit
1467 3027 1562 3114 quod
1600 3027 1699 3112 ipsos
1736 3024 1944 3092 conuincere

432 3172 550 3248 potest
575 3165 621 3230 de
648 3164 774 3230 eodem
802 3172 839 3230 et
867 3167 963 3250 quod
991 3165 1089 3252 ipsos
1125 3167 1335 3234 conuincere
1374 3186 1440 3253 pro
1478 3184 1585 3251 posse
1630 3184 1706 3231 sun.
1757 3163 1807 3230 Et
1845 3172 1943 3250 post-

431 3300 575 3366 modum
603 3299 853 3368 nichilominus
881 3301 1041 3371 inueniat
1069 3303 1202 3369 bonam
1231 3304 1455 3370 securitatem
1484 3321 1548 3388 per
1574 3300 1721 3367 vadium
1746 3311 1783 3366 et
1803 3300 1943 3386 plegios

434 3437 480 3502 ad
507 3439 790 3522 prosequendum
818 3451 893 3506 tam
914 3458 1038 3507 versus
1059 3439 1301 3507 aduersarium
1327 3457 1434 3505 suum
1456 3457 1564 3524 quam
1585 3455 1708 3503 versus
1728 3443 1838 3501 testes
1859 3451 1943 3498 suos

431 3581 469 3639 et
496 3573 707 3640 nominatim
735 3595 858 3643 versus
893 3575 1086 3663 quemlibet
1120 3578 1166 3642 de
1201 3575 1334 3662 placito
1371 3573 1520 3641 attincta
1555 3571 1608 3638 ita
1642 3570 1738 3657 quod
1774 3567 1944 3636 securitas

432 3709 497 3775 illa
525 3708 675 3778 sufficiat
710 3731 775 3796 pro
804 3731 898 3779 nouo
924 3713 1196 3780 amerciamento
1225 3733 1349 3780 versus
1386 3709 1529 3778 Curiam
1565 3719 1602 3776 et
1637 3707 1742 3775 nouis
1779 3690 1945 3791 dampnis

434 3846 529 3932 parti
564 3847 809 3914 adiudicandis
844 3849 876 3915 si
912 3849 1028 3935 ipsam
1060 3868 1134 3916 non
1165 3850 1375 3924 conuincat;
1412 3867 1485 3933 qua
1514 3845 1705 3914 securitate
1733 3843 1881 3910 inuenta
1909 3850 1946 3908 et
2021 3809 2024 3824 ¹

432 3982 616 4051 irrotulata
643 3986 746 4053 detur
773 3986 851 4053 dies
878 3986 1039 4074 querenti
1068 3988 1114 4053 ad
1149 3986 1393 4053 adducendum
1427 3995 1463 4051 et
1491 3983 1713 4070 probandum
1742 3999 1822 4047 cum
1848 3987 1946 4045 secta

430 4117 613 4204 fidedig'na
654 4130 691 4186 et
726 4141 798 4187 non
834 4132 1010 4208 suspecta,
1053 4123 1188 4190 scilicet
1231 4124 1278 4190 ad
1321 4123 1520 4206 proximam
1562 4119 1621 4185 vel
1661 4117 1708 4184 ad
1752 4114 1943 4182 secundam

432 4255 633 4340 proximam
661 4257 794 4324 curiam
823 4267 860 4326 et
888 4259 982 4326 idem
1018 4260 1095 4328 dies
1123 4263 1226 4328 detur
1258 4259 1461 4326 defendenti
1496 4257 1558 4344 qui
1593 4255 1693 4343 prius
1723 4253 1791 4321 fuit
1830 4271 1945 4338 agam

435 4394 480 4459 ad
519 4394 734 4462 audiendum
784 4397 970 4466 attinctam
1012 4395 1113 4464 illam
1153 4407 1190 4464 et
1232 4397 1381 4464 vlteriua
1424 4395 1480 4463 ius
1520 4403 1557 4462 et
1595 4401 1733 4480 partem
1769 4410 1870 4458 suam
1907 4389 1945 4455 in

434 4530 617 4616 premissis
645 4531 875 4601 defendendis
903 4536 935 4602 si
963 4535 1034 4604 sibi
1061 4539 1214 4606 viderint
1239 4537 1416 4623 expedire
1472 4534 1521 4601 Et
1543 4533 1723 4602 sciendum
1745 4530 1841 4619 quod
1862 4538 1948 4595 tunc

437 4677 583 4754 vterque
610 4678 730 4754 potest
758 4674 941 4757 adducere,
971 4675 1107 4743 scilicet
1135 4692 1289 4761 querens
1319 4673 1365 4738 ad
1395 4669 1675 4738 conuinoendum
1697 4675 1734 4732 et
1756 4662 1949 4730 defendens

437 4807 484 4872 ad
504 4805 766 4890 efforciandum,
788 4810 939 4895 primam
962 4823 1097 4879 sectam
1119 4832 1222 4879 suam
1243 4809 1463 4898 productam.
1507 4805 1556 4872 Et
1576 4805 1637 4872 ille
1658 4801 1759 4870 cuius
1779 4799 1948 4888 probacio

436 4953 566 5010 extunc
594 4945 719 5012 melior
746 4955 783 5014 et
817 4946 933 5014 verior
967 4956 1148 5033 comperta
1183 4946 1232 5014 sit
1268 4945 1401 5012 habeat
1432 4942 1601 5010 iudicium
1636 4960 1701 5026 pro
1731 4959 1785 5018 eo,
1821 4934 1945 5004 habito

437 5091 600 5166 respectu
627 5082 674 5149 ad
702 5082 968 5152 inchoacionem
996 5085 1131 5171 placiti,
1159 5085 1212 5151 ita
1239 5093 1360 5150 tamen
1389 5081 1484 5168 quod
1509 5077 1675 5147 conuixio
1696 5076 1773 5144 siue
1793 5073 1944 5141 attincta
