4975 6309
570 774 594 845 8
905 766 1003 859 ube
1027 766 1165 856 utttte
1189 768 1289 857 Rei>
1313 767 1443 858 Book
1469 769 1519 858 oi
1549 770 1739 863 meiol.

568 980 625 1048 De
661 981 723 1050 illo
759 991 960 1050 tenemento
996 982 1129 1049 ibidem
1165 982 1258 1049 inter
1296 993 1536 1051 tenementum
1578 988 1729 1071 predicti

654 1118 821 1204 Magistri
843 1126 879 1187 et
900 1128 1139 1186 tenementum
1161 1117 1309 1186 Henrici
1331 1117 1517 1204 Sbupmen
1534 1123 1630 1206 quod
1649 1142 1729 1208 pre·

654 1254 769 1322 dictus
784 1254 959 1343 Magister
972 1257 1086 1323 tenuit
1149 1304 1726 1326 .....

566 1390 623 1458 De
637 1392 699 1458 illo
714 1402 916 1460 tenemento
931 1394 1061 1460 situato
1077 1393 1208 1459 ibidem
1224 1392 1317 1458 inter
1327 1401 1566 1461 tenementum
1576 1396 1727 1481 predicti

653 1528 820 1617 Magistri
843 1539 879 1596 et
904 1538 1144 1597 tenementum
1169 1528 1320 1614 predicti
1343 1528 1492 1596 Henrici
1515 1531 1610 1616 quod
1632 1531 1725 1599 idem

652 1665 828 1753 Magister
842 1667 955 1733 tenuit
1007 1714 1725 1735 ......

564 1803 622 1871 De
657 1805 720 1872 illo
755 1814 957 1874 tenemento
994 1808 1125 1875 situato
1162 1806 1295 1873 ibidem
1323 1804 1419 1892 quod
1447 1805 1626 1889 quondam
1660 1803 1727 1871 fuit

651 1939 802 2009 Roberti
816 1940 1023 2029 Berdeneye
1038 1942 1130 2010 inter
1144 1952 1387 2010 tenementum
1398 1940 1549 2027 predicti
1559 1940 1726 2027 Magistri

651 2092 698 2139 ex
719 2082 821 2159 perte
845 2094 918 2141 una
943 2086 979 2142 et
1005 2083 1243 2142 tenementum
1272 2075 1425 2146 eristine
1450 2096 1519 2162 que
1543 2076 1610 2143 fuit
1634 2098 1725 2144 uxor

650 2211 802 2279 Walteri
811 2213 956 2301 Tropyn
970 2232 1016 2280 ex
1028 2216 1219 2301 alteraque
1230 2214 1607 2302 HenricusShupmen
1621 2215 1736 2282 tenuit

412 2380 420 2397 ·
563 2346 620 2413 De
635 2348 706 2415 illis
721 2349 833 2416 tribus
848 2350 970 2436 shopis
984 2350 1125 2418 situatis
1139 2352 1177 2418 in
1193 2351 1273 2419 vico
1294 2352 1340 2418 de
1360 2351 1611 2418 Toukarestret
1631 2352 1724 2418 inter

649 2494 888 2552 tenementum
904 2486 1052 2553 Henrici
1066 2486 1255 2575 Shupmen
1269 2498 1306 2555 et
1328 2497 1567 2556 tenementum
1589 2487 1722 2570 Johen·

649 2622 707 2689 nis
734 2623 769 2688 le
791 2622 926 2709 Whyte
946 2624 1088 2691 teillour
1110 2634 1147 2691 et
1168 2622 1392 2717 Is[abelle(?)]
1412 2628 1534 2694 uxoris
1556 2628 1724 2713 eiusque

1259 2763 1405 2850 Tropyn

649 2844 829 2913 christina
842 2868 911 2932 que
925 2846 991 2914 fuit
1004 2846 1080 2914 filia
1092 2849 1244 2917 walteri
1258 2851 1400 2919 m
1413 2850 1527 2917 tenuit
1566 2897 1576 2917 .
1709 2900 1718 2917 .

560 2980 618 3049 De
631 2982 704 3049 illis
717 2983 831 3050 tribus
845 2984 968 3069 shopis
982 2985 1113 3051 ibidem
1137 2986 1228 3051 inter
1251 2988 1400 3071 shopem
1422 2986 1578 3074 predicte
1600 2988 1720 3055 Chris-

647 3122 722 3187 tine
733 3130 769 3188 et
783 3131 1022 3189 tenementum
1036 3122 1209 3190 Wiilelrni
1224 3124 1269 3190 de
1282 3124 1365 3191 Axe
1423 3174 1471 3211 .,
1565 3171 1574 3190 .
1707 3174 1716 3191 .

560 3256 618 3323 De
654 3258 716 3323 illo
752 3268 954 3327 tenemento
990 3260 1122 3327 ibidem
1152 3260 1246 3327 inter
1277 3270 1517 3328 tenementum
1544 3261 1720 3346 Johennis

645 3395 779 3483 Whyte
794 3397 936 3463 teillour
950 3408 986 3463 et
1003 3394 1189 3487 Is[abeIIe]
1205 3398 1326 3464 uxoris
1338 3397 1415 3465 eius
1429 3407 1466 3466 et
1480 3406 1719 3464 tenementum

645 3530 819 3613 Johennis
832 3531 957 3599 Douce
998 3581 1717 3601 ......

559 3666 617 3732 De
653 3666 725 3733 illis
761 3668 899 3735 duobus
934 3670 1146 3737 tenementis
1184 3670 1317 3737 ibidem
1353 3670 1445 3739 inter
1480 3684 1720 3740 tenementum

646 3804 819 3871 Willelmi
833 3806 879 3871 de
892 3806 974 3873 Axe
989 3817 1026 3873 et
1039 3816 1280 3875 tenementum
1295 3806 1425 3875 Cecilie
1440 3809 1474 3874 ie
1490 3807 1559 3896 (sic)
1575 3808 1680 3876 Cierk
1706 3857 1716 3874 .

560 3946 616 4013 De
626 3946 689 4013 illo
700 3956 901 4013 tenemento
914 3947 1044 4014 ibidem
1056 3948 1148 4015 inter
1158 3958 1398 4015 tenementum
1409 3949 1583 4045 Johennis
1597 3949 1719 4018 Douoe

646 4099 683 4157 et
710 4098 949 4155 tenementum
978 4088 1153 4171 Jobannis
1181 4089 1356 4176 Berewyk
1386 4092 1482 4177 quod
1514 4092 1647 4160 Cecilie
1683 4095 1720 4159 la

646 4230 751 4297 Clerk
765 4231 878 4297 tenuit

560 4370 614 4437 De
629 4370 691 4437 illo
705 4380 907 4437 tenemento
929 4371 967 4437 in
981 4373 1059 4439 vico
1081 4372 1196 4439 sancti
1210 4372 1346 4440 Th0me
1364 4375 1458 4443 inter
1479 4387 1718 4446 tenementum

646 4516 776 4584 Cecilie
794 4520 831 4582 la
851 4516 957 4584 Clerk
971 4528 1007 4583 et
1021 4528 1262 4587 tenementum
1283 4520 1446 4587 Matiidis
1459 4521 1612 4588 Wechet
1622 4523 1719 4607 quod

644 4659 826 4742 Johannes
840 4660 885 4726 de
900 4660 1071 4749 Berewyk
1086 4661 1199 4728 tenuit
1276 4711 1286 4727 .
1419 4712 1428 4729 .
1560 4710 1571 4729 .
1703 4714 1712 4732 .

558 4802 615 4868 De
643 4802 706 4867 illo
735 4812 937 4869 tenemento
970 4804 1007 4869 in
1036 4804 1330 4893 Redeclyvestret
1357 4806 1450 4874 inter
1477 4817 1718 4875 tenementum

643 4944 818 5028 Johennis
850 4944 1023 5032 Berewyk
1055 4955 1091 5012 et
1122 4958 1362 5015 tenementum
1390 4948 1542 5016 Walteri
1575 4950 1716 5019 Prentiz

644 5090 738 5173 quod
753 5086 915 5155 Matildis
928 5089 1081 5156 Wachet
1095 5092 1208 5158 tenuit
1283 5138 1292 5155 .
1425 5137 1434 5156 .

1951 1262 2002 1350 jd.
2017 1266 2075 1332 ob.

1949 1670 1998 1759 jd.
2013 1675 2070 1741 ob.
