4975 6309
738 792 1119 886 aasumensi
1146 797 1277 886 tloot
1301 795 1351 884 ot
1381 795 1568 885 linstol.
1857 819 1902 892 γι

401 1007 537 1095 legales
563 1007 736 1087 homines,
767 1019 979 1076 mercatores
1007 1018 1044 1076 et
1072 1018 1265 1078 sectatores
1293 1011 1450 1077 eiusdem
1480 1008 1584 1077 Curie
1612 1017 1649 1075 et
1677 1008 1768 1074 alios
1792 1009 1908 1076 eidem

403 1142 508 1210 Curie
545 1143 745 1211 viciniores.
803 1143 853 1209 Et
880 1154 920 1212 vt
947 1145 1149 1212 huiusmodi
1178 1146 1340 1227 maiores,
1382 1145 1568 1212 senescalli
1605 1155 1642 1211 et
1680 1145 1742 1212 alii
1779 1148 1910 1231 quibus

400 1290 456 1346 est
479 1280 705 1348 commissum
735 1294 775 1350 ut
803 1284 1004 1351 huiusmodi
1035 1284 1160 1353 Curias
1188 1295 1335 1352 teneant
1364 1286 1436 1351 sint
1465 1284 1503 1350 in
1532 1293 1628 1351 certo
1663 1285 1726 1371 qui
1761 1294 1910 1352 suntet

400 1435 480 1483 esse
528 1417 660 1484 debent
705 1429 899 1492 sectatores
945 1422 992 1489 ad
1040 1422 1243 1490 huiusmodi
1297 1421 1433 1504 Curias,
1478 1421 1670 1489 Sciendum
1715 1431 1771 1488 est
1812 1423 1907 1508 quod

399 1571 523 1619 omnes
552 1552 606 1619 illi
628 1557 690 1640 qui
710 1554 845 1625 feoffati
867 1567 1009 1625 suntet
1030 1558 1225 1625 residentes
1247 1557 1339 1624 infra
1359 1557 1491 1626 limites
1513 1557 1706 1636 ciuitatum,
1728 1556 1905 1638 feriarum,

397 1698 573 1776 portuum,
602 1692 794 1778 burgorum
823 1704 860 1761 et
895 1694 1059 1762 villarum
1095 1695 1383 1763 mercatoriamm
1412 1704 1449 1762 et
1477 1695 1589 1764 eciam
1618 1714 1742 1762 omnes
1771 1715 1907 1763 merca-

400 1836 496 1894 tores
538 1829 600 1914 qui
643 1849 690 1896 ex
727 1831 982 1897 consuenrdine
1019 1831 1127 1898 ferias
1163 1831 1246 1898 illas
1290 1851 1354 1898 seu
1396 1840 1552 1900 mercata
1595 1831 1729 1897 vsitant
1771 1840 1808 1897 et
1851 1830 1904 1896 illi

398 1983 547 2048 quorum
569 1967 715 2033 nomina
735 1967 774 2032 in
798 1968 924 2054 papiro
945 1979 1028 2035 sunt
1049 1969 1195 2034 mercati
1224 1968 1296 2036 nisi
1317 1968 1391 2036 sint
1411 1969 1528 2035 clerici
1549 1968 1608 2035 vel
1629 1975 1725 2034 statu
1750 1967 1906 2034 clericali
1933 2008 1937 2018 ,

396 2107 546 2180 utentes,
576 2098 745 2181 Comites,
781 2103 952 2184 Berones,
987 2103 1167 2183 Baroneti,
1208 2107 1265 2171 vel
1303 2105 1445 2186 milites,
1486 2115 1522 2171 et
1565 2106 1661 2190 quod
1702 2104 1907 2172 huiusmodi

396 2241 586 2300 sectatores
624 2255 748 2304 omnes
784 2248 821 2305 et
860 2238 995 2325 singuli
1031 2241 1307 2306 amerciamenta
1343 2259 1408 2326 pro
1433 2237 1534 2308 falsis
1563 2239 1702 2306 iudiciis
1731 2240 1907 2307 subibunt

394 2376 532 2433 tantum
571 2378 609 2435 et
645 2371 735 2438 nulli
769 2371 842 2438 alii.
887 2371 952 2439 Set
987 2383 1161 2440 mercator
1196 2374 1343 2441 veniens
1379 2384 1415 2440 et
1450 2373 1590 2440 rediens
1626 2374 1673 2440 ad
1702 2372 1905 2440 huiusmodi

394 2513 586 2570 mereatum
614 2506 778 2591 quinon
806 2518 862 2576 est
889 2507 1053 2576 ieoffatus
1081 2508 1173 2575 infra
1208 2509 1340 2576 limites
1376 2509 1522 2576 mercati
1551 2509 1603 2576 ita
1638 2511 1732 2597 quod
1768 2519 1904 2579 sectam

302 2702 312 2718 ,
394 2643 441 2708 ad
485 2641 627 2710 Curiam
671 2647 817 2714 mercati
867 2667 941 2714 non
991 2648 1120 2714 debeat
1163 2647 1233 2713 nisi
1277 2656 1447 2733 tanquam
1492 2656 1666 2714 mercator
1708 2647 1902 2716 forinsecus

392 2791 584 2846 mercatum
613 2781 702 2848 illud
729 2780 866 2848 vsitans
906 2801 979 2848 non
1016 2782 1148 2849 incidet
1187 2782 1225 2848 in
1266 2781 1506 2850 misericordia
1539 2801 1627 2870 erga
1660 2783 1801 2870 Regem
1837 2803 1905 2870 pro

392 2913 482 2983 falso
508 2916 638 2984 iudicio
672 2937 739 2986 nec
771 2919 809 2985 in
840 2919 960 3006 aliquo
990 2919 1059 2986 erit
1086 2919 1266 3005 particeps
1295 2918 1495 2987 huiusmodi
1526 2921 1800 3002 amerciamenti,
1831 2921 1902 2988 nisi

391 3058 538 3136 presens
565 3049 671 3121 fuerit
700 3054 738 3120 in
766 3064 923 3122 mercato
957 3063 1116 3141 tempore
1152 3055 1215 3122 illo
1244 3075 1315 3141 quo
1343 3055 1547 3122 huiusmodi
1575 3053 1704 3124 falsum
1732 3057 1902 3126 iudicium

390 3189 567 3256 redditum
597 3191 728 3259 extitit.

743 3465 830 3542 DE
878 3466 1118 3545 IUDICIIS
1164 3466 1552 3560 EXEQUENDIS.

519 3627 608 3698 Cum
644 3631 683 3696 in
725 3630 801 3699 foro
845 3632 992 3699 moecati
1035 3633 1204 3699 iudicium
1247 3633 1423 3700 reddimm
1460 3633 1508 3700 sit
1543 3635 1736 3702 secundum
1780 3635 1898 3722 legem

388 3766 644 3848 mercatoriam,
674 3768 795 3835 statim
823 3769 1056 3836 demandetis
1083 3771 1299 3846 execucioni,
1330 3789 1399 3855 que
1419 3771 1585 3837 execucio
1606 3771 1759 3856 pertinet
1782 3773 1900 3856 primo

387 3910 424 3968 et
451 3903 696 3988 principaliter
723 3906 867 3974 domino
896 3906 1043 3974 mercati
1071 3909 1128 3972 vel
1157 3908 1204 3974 ad
1229 3927 1311 3972 eum
1336 3907 1398 3991 qui
1424 3909 1541 3975 locum
1568 3909 1704 3976 domini
1733 3920 1830 3978 tenet
1859 3911 1899 3977 in

386 4049 541 4106 mercato
569 4049 607 4108 et
636 4042 889 4126 subsequenter
911 4043 959 4108 ad
983 4051 1175 4109 sectatores
1204 4039 1310 4108 Curie
1335 4043 1492 4123 mercati,
1522 4042 1574 4110 ita
1602 4045 1767 4112 videlicet
1803 4047 1898 4132 quod

386 4175 418 4241 si
445 4175 572 4242 balliui
597 4177 744 4244 mercati
769 4178 831 4263 qui
854 4179 1057 4245 huiusmodi
1084 4179 1334 4245 executionem
1359 4179 1594 4264 personaliter
1621 4178 1737 4249 facere
1764 4184 1898 4250 debent

385 4330 465 4378 cum
487 4313 535 4378 ad
557 4313 674 4379 locum
697 4316 861 4381 venerint
887 4315 949 4382 vbi
973 4317 1041 4382 hoc
1065 4313 1182 4382 faeere
1205 4315 1338 4382 debent
1366 4314 1610 4384 resistenciam
1637 4317 1822 4387 inueniant
1843 4319 1897 4388 ita

385 4448 479 4533 quod
509 4447 658 4534 pacifico
694 4452 799 4518 modo
835 4450 1003 4517 iudicium
1039 4451 1128 4517 illud
1164 4451 1203 4516 in
1233 4449 1349 4518 forma
1388 4451 1440 4517 eis
1474 4452 1608 4520 tradita
1648 4453 1777 4539 exequi
1821 4475 1895 4522 non

383 4556 536 4666 valeant,
571 4597 659 4652 tunc
696 4585 842 4669 capiant
877 4587 947 4671 ipsi
986 4585 1113 4652 balliui
1156 4585 1400 4652 testimonium
1443 4585 1489 4652 de
1540 4585 1645 4652 bonis
1690 4585 1896 4654 hominibus

381 4723 509 4789 vicinis
531 4735 568 4790 et
592 4724 674 4790 aliis
697 4723 743 4790 de
767 4721 968 4788 huiusmodi
992 4721 1201 4787 resistencia
1229 4721 1299 4787 sibi
1327 4718 1423 4786 fecta
1451 4730 1488 4787 et
1519 4721 1754 4789 incontinenti
1789 4723 1895 4789 nerti-

380 4860 488 4929 ficent
511 4863 595 4929 inde
619 4863 817 4948 superiores
840 4881 935 4940 suos,
959 4860 1012 4926 ita
1035 4858 1155 4926 saltim
1179 4859 1276 4944 quod
1301 4858 1333 4924 si
1360 4857 1563 4925 huiusmodi
1594 4859 1802 4926 resistencia
1829 4859 1894 4927 fiat

381 5011 464 5066 ante
493 5001 619 5068 horam
649 5019 782 5066 nonam
814 4995 1023 5063 certificemr
1061 4994 1188 5061 maiori
1227 4992 1374 5060 mercati
1409 4994 1474 5060 tali
1512 4995 1600 5061 hora
1645 4996 1741 5081 quod
1785 4994 1894 5063 Curis

381 5136 527 5204 mercati
561 5098 732 5204 sumoniri
767 5133 898 5221 poterit
930 5132 978 5199 ad
1016 5132 1297 5199 conueniendum
1327 5130 1366 5198 in
1394 5131 1556 5200 tolbotha
1584 5151 1651 5200 sua
1678 5133 1726 5199 ad
1755 5143 1890 5201 certans
