4975 6309
757 763 855 856 dte
878 763 1016 855 little
1041 763 1138 855 trec
1163 762 1293 855 scot
1318 765 1369 856 ot
1397 766 1587 862 bristou
1850 793 1919 850 ιιι

418 972 538 1043 David
587 986 624 1043 et
674 996 893 1046 successores
943 978 1000 1047 sui
1049 976 1207 1065 quolibet
1257 998 1354 1047 anno
1403 983 1612 1066 prostabant
1662 992 1923 1052 sememonten

418 1113 599 1199 corporale
634 1132 753 1183 coram
788 1113 926 1202 Maiore
961 1114 1046 1182 ville
1081 1114 1264 1183 Bristollie
1298 1116 1361 1202 qui
1395 1136 1462 1202 pro
1496 1127 1656 1205 tempore
1689 1116 1795 1185 merit
1829 1118 1923 1188 infra

417 1248 632 1334 quindenam
661 1248 787 1319 Sancti
818 1250 1016 1319 Michaelis.
1059 1250 1109 1318 Et
1144 1249 1176 1317 si
1211 1249 1328 1320 dictus
1363 1250 1482 1319 David
1516 1254 1574 1319 vel
1610 1270 1830 1321 successores
1863 1255 1922 1323 sui
1967 1345 1971 1358 ι

417 1382 550 1453 dictum
587 1395 844 1455 sacramentum
876 1385 992 1455 iacere
1019 1387 1238 1455 tardanerint
1265 1396 1304 1455 et
1336 1386 1586 1471 remsouerint,
1615 1395 1746 1456 extunc
1773 1389 1856 1457 volo
1882 1398 1922 1459 et

417 1520 572 1589 concedo
600 1523 695 1609 quod
723 1524 815 1591 bene
842 1522 950 1591 liceat
977 1522 1108 1610 Majori
1135 1522 1221 1591 ville
1248 1522 1431 1591 Bristollie
1458 1524 1520 1610 qui
1546 1542 1613 1609 pro
1637 1532 1796 1609 tempore
1815 1520 1920 1591 drmit

416 1658 456 1725 in
505 1656 670 1726 omnibus
718 1660 930 1727 tenementis
979 1658 1192 1747 supradictis
1241 1678 1323 1725 cum
1373 1658 1448 1727 suis
1489 1658 1717 1747 pertinenciis
1768 1658 1920 1747 ingredi,

416 1792 627 1883 distringere
654 1804 692 1863 et
719 1794 962 1865 dimissiones
988 1814 1099 1883 penes
1127 1814 1167 1863 se
1193 1795 1345 1863 retinere
1373 1815 1556 1883 quousque
1583 1795 1699 1864 dictus
1721 1794 1840 1863 David
1861 1796 1919 1863 vel

416 1949 635 2000 successores
663 1932 720 2001 sui
747 1942 1007 2001 sacramentum
1035 1932 1142 2000 modo
1169 1934 1329 2019 predicto
1356 1935 1471 2024 gratis
1498 1944 1536 2003 et
1570 1936 1769 2005 voluntarie
1803 1934 1920 2003 facere

414 2066 599 2135 voluerint.
657 2066 707 2135 Et
741 2086 811 2157 ego
847 2088 931 2137 vero
973 2069 1152 2156 predictus
1191 2067 1370 2137 Ricardus
1411 2076 1450 2135 et
1490 2068 1639 2136 heredes
1681 2070 1753 2137 mei
1795 2070 1917 2137 omnia

415 2202 574 2289 predicta
587 2213 799 2287 tenementa,
814 2204 926 2291 sbope
941 2204 1011 2293 (sic)
1027 2215 1064 2273 et
1077 2206 1246 2273 solarium
1260 2224 1341 2273 cum
1362 2202 1527 2272 omnibus
1547 2224 1669 2273 eorum
1690 2206 1918 2294 pertinenciis

417 2339 512 2409 dicto
539 2339 659 2409 Dauid
694 2350 733 2409 et
767 2343 1027 2411 successoribus
1063 2342 1137 2411 suis
1173 2342 1368 2429 capellanis
1399 2340 1537 2433 ¹diuina¹
1564 2342 1603 2409 in
1637 2342 1734 2410 dicta
1768 2343 1920 2411 ecclesia

412 2478 517 2563 juxta
544 2476 694 2546 formam
722 2478 917 2565 predictam
946 2478 993 2546 ed
1021 2479 1134 2546 altare
1160 2480 1266 2546 beate
1291 2477 1406 2546 Marie
1434 2478 1583 2565 virginis
1610 2478 1918 2548 warantizabimus

416 2623 452 2681 et
480 2612 707 2683 defendemus
731 2615 1000 2702 imperpetuum.
1055 2616 1100 2683 In
1135 2615 1235 2703 cujus
1269 2616 1323 2683 rei
1358 2614 1599 2681 testimonium
1634 2634 1704 2700 ego
1738 2614 1919 2701 predictus

322 2806 324 2809 Α
414 2749 592 2818 Ricardus
641 2750 865 2837 presentibus
912 2752 1109 2821 indenturis
1153 2752 1311 2841 sigillum
1355 2771 1473 2818 meum
1517 2750 1677 2837 apposui.
1742 2751 1792 2818 Et
1834 2752 1919 2837 quia

414 2894 596 2971 presentes
623 2886 760 2954 litteras
788 2888 827 2954 in
862 2897 934 2955 tres
970 2898 1090 2974 partes
1125 2889 1261 2956 diuisas
1296 2890 1344 2954 ad
1378 2895 1585 2973 perpertuam
1610 2853 1918 2955 ¹sustentacionem

415 3020 564 3109 predicti
605 3022 719 3089 diuini
762 3022 867 3091 officii
911 3024 1087 3092 custodire
1129 3024 1302 3105 desidero,
1347 3023 1504 3111 sigillum
1546 3020 1652 3089 officii
1697 3022 1919 3109 maioritatus

416 3159 501 3226 ville
529 3158 710 3227 Bristollie
738 3160 901 3228 similiter
929 3162 1062 3249 apponi
1089 3160 1286 3249 procuraui,
1315 3162 1410 3228 vnde
1444 3180 1517 3227 vna
1551 3178 1636 3244 pars
1670 3179 1751 3226 cum
1785 3159 1919 3227 vicario

417 3306 453 3362 et
486 3296 771 3381 procuratoribus
806 3296 966 3365 Ecclesie
1002 3298 1126 3366 Sancti
1162 3297 1328 3366 Nicholai
1366 3297 1533 3382 predicte,
1570 3294 1683 3362 altera
1717 3314 1801 3362 vero
1835 3314 1920 3381 pars

415 3450 565 3499 unacum
615 3432 764 3499 licencia
813 3432 1098 3502 mortificacionis
1149 3441 1440 3513 tenementorum,
1484 3433 1676 3516 shoparum
1718 3441 1756 3499 et
1798 3431 1920 3499 solarii

415 3567 649 3653 predictcmm
678 3589 759 3637 cum
788 3571 921 3656 majore
950 3571 1042 3638 inter
1078 3570 1298 3637 munimenta
1333 3568 1596 3637 communitatis
1631 3566 1716 3634 ville
1750 3567 1920 3654 predicte,

416 3713 452 3770 et
486 3704 600 3771 tercia
642 3724 726 3790 pars
761 3724 841 3772 cum
877 3704 1035 3791 predicto
1071 3706 1258 3792 capellano
1294 3713 1331 3772 et
1371 3704 1446 3771 suis
1486 3703 1746 3771 successoribus
1785 3703 1918 3770 dictum

416 3839 574 3907 diuinum
603 3838 755 3908 officium
785 3842 1012 3909 celebraturis
1047 3842 1291 3911 custodiantur
1325 3860 1369 3909 ac
1405 3848 1613 3908 remaneant
1648 3838 1918 3926 imperpetuum.

414 3974 548 4045 Datum
577 3975 757 4045 Bristollie
786 3976 844 4045 die
872 3978 1024 4045 Sabbati
1051 3980 1089 4046 in
1117 3978 1244 4067 vigilia
1271 3979 1420 4060 Pascha,
1441 3976 1551 4043 Anno
1571 3974 1707 4043 domini
1728 3976 1917 4043 millesimo

414 4111 651 4181 tricentesimo
699 4115 962 4202 septuagesimo
1012 4116 1173 4202 septimo,
1217 4126 1256 4183 et
1300 4134 1395 4183 anno
1441 4112 1545 4200 regni
1589 4110 1706 4201 Regis
1752 4110 1919 4180 Edwardi

415 4248 514 4317 tercii
541 4256 623 4334 post
651 4258 880 4335 conquestum
910 4251 1206 4339 quinquagesimo
1235 4252 1355 4340 primo
1392 4246 1524 4341 [¹³7⁷]-

325 4536 333 4555 ,
421 4460 754 4541 COMPOSICIO
819 4462 1113 4541 CANTARIE
1173 4462 1461 4543 EDMUNDI
1512 4460 1756 4539 BLANKE
1762 4462 1802 4540 Τ
1853 4462 1929 4540 IN

556 4613 598 4689 E
603 4612 636 4689 C
637 4612 838 4691 CLESIA
886 4614 1035 4692 SANC
1037 4614 1098 4692 TI
1133 4612 1435 4703 STEPHANI,
1479 4609 1772 4688 BRISTOLL.

544 4783 732 4853 Uniuersis
753 4784 884 4855 Christi
904 4786 1069 4855 fidelibus
1089 4800 1289 4875 presentem
1310 4796 1444 4855 cartam
1462 4786 1677 4872 tripartitam
1696 4786 1916 4855 indentatam
1942 4834 2085 4889 cmm
2105 4848 2144 4892 ο,

413 4932 450 4989 et
477 4921 515 4989 in
543 4923 659 4989 rotulo
687 4922 732 4989 rs
759 4923 797 4990 ra
826 4921 1015 5006 numme,
1046 4924 1237 5006 stratonis,
1260 4924 1482 4990 ismenem
1504 4920 1632 4988 visuris
1653 4922 1712 4988 vo
1734 4922 1916 5006 wormes,
1966 4900 2115 5021 m·

412 5056 594 5142 Iohannes
622 5058 739 5147 Vyeli
761 5058 879 5147 Major
906 5062 993 5129 ville
1021 5061 1212 5142 Bristollie,
1233 5060 1439 5129 Willelmus
1465 5057 1691 5140 Wodeforde,
1713 5058 1918 5130 Woecomes

995 5220 1006 5251 ²
1025 5220 1208 5275 celebrantibus
1223 5220 1339 5274 omitted.
