4975 6309
621 716 693 809 19⁶
958 702 1054 797 cbo
1078 703 1218 795 ttttte
1244 702 1343 794 ileo
1368 700 1573 793 llootot
1602 702 1790 795 lincol

613 939 735 988 conum
764 940 844 987 cum
874 921 921 987 ab
950 920 1020 987 hac
1044 921 1124 987 luce
1151 918 1395 1006 migrauerint,
1424 926 1462 984 et
1488 936 1555 1002 pro
1583 925 1680 985 statu
1700 919 1847 1005 maioris
1870 930 1908 987 et
1927 924 2120 1007 proborum

611 1056 795 1123 bominum
827 1054 912 1122 ville
946 1052 1139 1135 Bristollie,
1175 1072 1314 1121 necnon
1348 1072 1415 1141 pro
1443 1055 1632 1123 animabus
1660 1054 1828 1125 Edwardi
1863 1077 1976 1144 nuper
2004 1059 2122 1150 Regis

610 1193 747 1281 Anglle
776 1202 812 1261 et
847 1192 1111 1279 progenitorum
1143 1210 1298 1271 sucrum,
1329 1210 1379 1257 ac
1414 1191 1527 1258 eciam
1562 1201 1751 1277 pmentnm
1785 1202 1825 1259 et
1858 1193 2122 1263 benefactorum

613 1327 701 1395 dicti
727 1326 903 1409 Eborardi
922 1335 960 1393 et
980 1327 1139 1395 omnium
1159 1323 1318 1393 fidelium
1338 1326 1585 1397 &summorum
1606 1330 1847 1399 celebrabunt
1890 1331 1940 1399 Et
1961 1332 2124 1402 similiter

614 1466 764 1552 predicti
800 1462 985 1554 Capeliani
1020 1477 1058 1534 et
1092 1484 1213 1533 eorum
1251 1484 1472 1533 successoros
1514 1466 1687 1534 interesse
1722 1468 1855 1535 debent
1890 1469 1928 1536 in
1963 1470 2124 1537 ecclesiis

613 1605 782 1689 predictis
811 1606 857 1671 ed
885 1603 1080 1671 matutinas
1107 1613 1145 1670 et
1172 1602 1220 1671 ad
1245 1622 1416 1689 magnam
1443 1602 1590 1670 missam
1619 1612 1657 1669 et
1686 1602 1732 1668 ad
1757 1621 1881 1669 omnes
1901 1603 1994 1670 alins
2014 1604 2122 1673 horas

615 1740 815 1809 Canonicas
857 1741 928 1808 nisi
970 1740 1197 1809 racionabilis
1239 1760 1350 1807 cansa
1392 1748 1431 1809 et
1470 1740 1569 1825 insta
1610 1758 1675 1808 eos
1716 1751 1873 1808 excusat
1936 1741 1984 1809 Et
2025 1742 2122 1827 quod

611 1878 764 1965 predicti
792 1878 977 1965 Capeliani
1005 1878 1068 1963 qui
1096 1897 1161 1965 pro
1189 1887 1349 1965 tempore
1377 1876 1508 1944 firmint
1535 1895 1608 1944 non
1645 1877 1866 1945 davillebunt
1893 1878 1986 1945 vltra
2013 1897 2121 1945 unam

611 2026 754 2085 noctem
783 2016 860 2083 sine
885 2017 983 2102 insta
1010 2034 1129 2097 causa,
1158 2017 1313 2083 honesta
1340 2023 1378 2082 et
1406 2014 1617 2095 necessmia,
1646 2024 1684 2082 et
1719 2024 1805 2083 tunc
1839 1987 1905 2101 per
1935 2016 2120 2083 licenciam

610 2152 766 2221 Roberti
794 2151 918 2241 Gyene
946 2172 1011 2238 pro
1038 2162 1197 2239 tempore
1224 2153 1299 2221 vite
1326 2172 1390 2220 sue
1417 2154 1477 2220 vel
1505 2152 1584 2237 ejus
1618 2154 1736 2221 locum
1771 2154 1937 2235 tenemis,
1966 2164 2004 2222 et
2038 2166 2121 2242 post

462 2328 464 2335 ·
610 2298 763 2357 mortem
805 2290 882 2375 eius
918 2308 982 2375 per
1017 2288 1202 2359 licenciam
1238 2291 1384 2378 majoris
1425 2290 1511 2359 ville
1546 2290 1728 2359 Bristollie
1763 2291 1827 2377 qui
1861 2311 1927 2378 pro
1962 2302 2122 2379 tempore

608 2426 717 2494 fuerit
744 2428 802 2494 vel
830 2426 908 2514 ejus
935 2426 1051 2493 locum
1080 2428 1244 2508 tenentis,
1275 2438 1313 2495 et
1339 2447 1405 2515 pro
1435 2428 1501 2495 tali
1529 2446 1642 2496 causa
1669 2428 1819 2496 licencia
1840 2449 1914 2496 non
1941 2430 2049 2497 debet
2068 2430 2122 2495 eis

613 2561 793 2649 denegari.
837 2561 885 2628 Et
913 2562 1009 2647 quod
1037 2562 1187 2649 predicti
1215 2562 1401 2649 Capellam
1426 2562 1488 2649 qui
1516 2582 1582 2650 pro
1611 2573 1770 2651 tempore
1797 2564 1928 2632 fuerint
1955 2566 2062 2631 simul
2082 2566 2121 2631 in

610 2720 685 2768 vua
713 2702 819 2768 domo
846 2698 1061 2768 habitabunt
1088 2710 1126 2768 et
1162 2702 1210 2769 ad
1244 2721 1353 2769 cnam
1389 2719 1550 2768 mensem
1586 2710 1624 2768 et
1659 2701 1706 2767 ed
1741 2718 1851 2766 unam
1886 2718 2120 2781 communem,

610 2839 669 2905 vel
698 2838 824 2905 saltem
853 2836 925 2905 duo
952 2834 1026 2923 qui¹
1054 2838 1235 2906 celebrant
1265 2838 1305 2905 in
1332 2838 1472 2925 capelle
1501 2838 1607 2905 beate
1633 2835 1750 2903 Mario
1776 2836 1824 2904 de
1850 2835 1888 2902 la
1916 2834 2122 2924 Redeclyua

613 2973 730 3055 mmul,
756 2983 793 3041 et
816 2975 889 3041 duo
914 2974 976 3060 qui
1004 2976 1184 3045 celebrant
1213 2975 1252 3041 in
1279 2975 1430 3043 ecclesie
1459 2975 1557 3043 beati
1581 2975 1758 3059 Nicholai,
1785 2974 1977 3056 Bristollie,
2004 2975 2121 3043 simul

610 3108 661 3176 Et
702 3110 799 3197 quod
838 3110 959 3179 omnia
1001 3111 1187 3201 mesangia
1224 3130 1290 3197 per
1326 3120 1463 3179 mrtem
1501 3131 1567 3198 pro
1606 3110 1870 3179 sustentacione
1911 3129 2033 3179 eorum
2068 3111 2122 3177 eis

613 3244 702 3313 sctis
744 3244 782 3311 in
821 3246 987 3315 omnibus
1023 3248 1234 3315 neoesmffis
1270 3249 1522 3316 sustentabunt
1556 3257 1595 3315 et
1628 3247 1845 3333 reparabunt
1880 3254 2122 3331 competenter

611 3382 812 3469 sumptibus
841 3382 916 3453 snis
943 3404 1009 3472 per
1034 3386 1151 3453 visum
1181 3385 1336 3455 Roberti
1356 3386 1480 3475 Gyene
1501 3387 1586 3454 dum
1605 3383 1746 3468 vixerit,
1767 3393 1805 3451 et
1825 3391 1952 3469 poema
1972 3381 2122 3468 Maioris

613 3518 793 3587 Bristollie
822 3519 884 3607 qui
918 3540 984 3608 pro
1020 3531 1179 3610 tompore
1214 3520 1342 3600 morin
1379 3532 1418 3590 et
1449 3522 1607 3591 redditus
1642 3522 1688 3588 de
1722 3518 1893 3607 predictis
1928 3516 2122 3604 mesuagiis

609 3656 822 3743 proueniens
850 3667 887 3725 et
915 3658 1077 3727 similiter
1112 3660 1227 3728 tocius
1262 3659 1421 3729 redditus
1458 3659 1572 3728 assisa
1607 3656 1781 3744 equaliter
1816 3656 1910 3723 inter
1942 3653 2122 3739 predictos

610 3794 811 3882 sumptibus
825 3796 900 3863 suls
912 3814 977 3881 per
994 3796 1111 3864 visum
1130 3796 1283 3865 Roberti
1297 3794 1422 3885 Gyene
1438 3797 1524 3865 dum
1544 3794 1674 3864 vixerit
1692 3792 1908 3879 ecpounnos
1926 3789 2117 3858 dinidntur.

611 3931 660 3998 Et
695 3932 791 4019 quod
832 3952 898 4018 per
938 3933 1166 4001 ellectionem
1209 3934 1384 4001 dictorum
1429 3932 1703 4020 Capellanornrn
1746 3927 1810 4016 qui
1852 3946 1918 4014 pro
1960 3936 2120 4013 tempore

611 4067 753 4149 fuerim,
780 4087 874 4137 vnus
908 4070 967 4136 vel
995 4069 1066 4137 duo
1102 4068 1244 4137 illorum
1280 4068 1354 4137 sint
1388 4066 1606 4156 principales
1642 4085 1707 4153 per
1740 4079 1851 4134 vnum
1886 4081 2021 4129 omnm
2056 4078 2122 4147 pro

610 4204 709 4272 dicto
757 4204 898 4272 redditu
947 4205 1148 4293 colligendo
1190 4214 1228 4273 et
1268 4224 1336 4291 pro
1379 4204 1608 4273 ordinacione
1657 4200 1906 4290 reparaoionis.
1947 4200 2122 4267 dictorum

613 4343 875 4430 mesuagiorum
902 4343 1075 4445 indenda,
1104 4354 1143 4413 ot
1169 4344 1232 4413 alii
1260 4345 1331 4412 dno
1359 4363 1426 4431 pro
1453 4342 1609 4412 senmdo
1636 4360 1744 4409 anno.
1790 4338 1840 4407 Et
1868 4339 1964 4424 quod
1992 4336 2121 4405 aluric

614 4489 823 4548 ornamenta
852 4480 890 4547 in
919 4500 991 4549 vna
1016 4480 1112 4550 coire
1139 4482 1193 4551 eis
1212 4482 1375 4565 liberata,
1396 4482 1561 4549 videlicet
1581 4478 1778 4567 capellanis
1798 4478 1837 4544 in
1858 4475 1997 4562 capelle
2017 4476 2123 4543 bean

611 4616 728 4685 Mario
748 4619 794 4685 de
815 4616 1020 4707 Redeclyue
1039 4620 1299 4689 celebrantibus
1318 4640 1428 4689 vnum
1447 4618 1592 4688 missale
1609 4614 1720 4705 precii
1739 4622 1892 4702 quantor
1910 4630 2121 4695 marcemus,

611 4746 2121 4846 vnumcalicemcumcocloaringentooetdeauratnnprcoiivigintisox

613 4888 804 4957 solidorum
833 4898 870 4955 et
897 4896 978 4957 octo
1007 4890 1240 4975 denariorum,
1269 4910 1379 4961 mum
1404 4893 1587 4979 corporale
1621 4908 1703 4959 cum
1731 4890 1841 4956 bursa
1869 4884 1981 4973 precii
2008 4882 2117 4953 trium

1286 5062 1455 5132 ¹1&an
