4975 6309
650 762 718 850 1⁶4
981 754 1078 847 libe
1102 756 1241 847 little
1266 757 1593 849 RctBoolrot
1623 756 1810 848 linctu

642 966 785 1035 ballivis
808 978 845 1036 et
868 968 1039 1037 ministris
1067 972 1258 1039 eorundem
1292 970 1441 1039 Meloris
1465 982 1502 1040 et
1531 969 1815 1054 &inmunitatis
1839 980 1877 1038 et
1905 988 2146 1039 successorum

644 1124 786 1173 suomm
824 1106 870 1173 ed
903 1114 1016 1174 totam
1051 1106 1163 1174 vitem
1195 1116 1354 1175 nostram
1388 1107 1484 1192 inde,
1516 1128 1655 1177 necnon
1689 1106 1790 1190 lines,
1818 1107 2084 1195 redempciones
2109 1118 2149 1175 et

644 1241 918 1309 emerciamente
945 1242 1102 1311 omnium
1131 1244 1316 1312 hominum
1344 1254 1381 1311 et
1409 1244 1609 1313 tenencium
1638 1242 1875 1331 predictomm
1902 1241 1995 1310 infre
2021 1208 2147 1310 villam

642 1380 799 1447 Bristoll.
828 1388 866 1447 et
893 1379 1062 1447 suburbia
1089 1380 1246 1449 eiusdem
1275 1382 1360 1447 ville
1392 1379 1635 1461 uhtencium,
1664 1398 1708 1447 ec
1739 1377 1857 1447 exitus
1883 1378 2082 1447 iorisiectoe
2109 1388 2147 1446 et

642 1516 764 1584 omnia
801 1536 871 1604 que
910 1517 957 1583 ed
996 1517 1114 1603 ipsum
1153 1518 1480 1585 metuendissimum
1520 1516 1702 1585 dominum
1741 1535 1860 1585 meum
1900 1516 2041 1605 Regem
2079 1536 2144 1585 ser

641 1654 789 1721 heredes
817 1673 902 1721 suos
929 1656 988 1722 vel
1016 1655 1063 1721 ed
1088 1674 1154 1721 nos
1179 1654 1309 1721 virtute
1333 1655 1600 1722 concessionum
1628 1654 1865 1741 predictarum
1892 1654 2044 1721 durante
2067 1653 2143 1720 vite

641 1799 765 1858 nostre
786 1790 961 1878 pertinere
985 1799 1151 1877 potcmnt
1175 1791 1221 1859 de
1247 1811 1353 1873 enno,
1376 1792 1435 1859 die
1463 1800 1500 1858 et
1526 1800 1640 1871 vasto,
1665 1788 1898 1859 forisfacturis
1925 1800 1963 1857 et
1990 1790 2143 1857 murdris

640 1927 687 1995 de
714 1936 752 1994 ot
779 1927 817 1994 in
845 1926 1023 2008 dominiis,
1052 1926 1230 2011 maneriis,
1259 1926 1373 2010 terris,
1402 1928 1625 2008 tenementis,
1649 1927 1742 1995 'locis
1768 1936 1807 1996 et
1833 1926 1948 1995 feodis
1974 1926 2144 2013 predictis

640 2063 733 2131 infra
760 2063 883 2131 villam
913 2062 1072 2131 Eristoll.
1101 2075 1139 2133 et
1173 2064 1393 2151 procinctum
1428 2064 1598 2143 eiusdem,
1630 2083 1701 2151 que
1728 2082 1847 2131 coram
1875 2064 1956 2150 ipso
1983 2072 2143 2129 metuen-

640 2200 788 2268 dissimo
821 2200 966 2269 domino
998 2218 1079 2265 mec
1114 2197 1221 2285 Rege
1253 2208 1291 2266 et
1328 2198 1518 2267 heredibus
1549 2199 1624 2267 suis
1657 2199 1715 2265 vel
1754 2198 1793 2265 in
1827 2195 2049 2266 cancellaria
2084 2198 2143 2263 vel

538 2318 544 2326 ⁸
639 2340 806 2406 heredum
837 2358 990 2419 suorum,
1019 2356 1083 2405 seu
1106 2356 1225 2404 ccrem
1249 2336 1483 2404 'lhesaurerio
1506 2346 1543 2403 et
1571 2335 1772 2405 Batonibus
1794 2335 1870 2403 suis
1891 2335 1950 2403 vel
1972 2334 2140 2401 heredum

639 2490 781 2540 suorum
804 2474 849 2539 de
875 2470 1062 2540 Sceccerio
1086 2492 1150 2540 seu
1174 2492 1293 2540 cotem
1317 2472 1529 2558 Justiciariis
1554 2474 1628 2541 suis
1652 2476 1710 2541 vel
1733 2472 1902 2541 heredum
1927 2472 2142 2575 suorumflde

638 2608 771 2691 Banco,
810 2619 872 2678 aut
909 2608 1121 2695 Justiciariis
1161 2610 1208 2676 ed
1240 2611 1375 2678 assises
1412 2612 1605 2698 capiendas
1643 2620 1681 2679 et
1723 2612 1850 2699 geolas
1880 2608 2139 2688 delrherandas.

637 2764 700 2813 seu
727 2745 939 2831 Justiciariis
964 2746 1011 2812 ed
1039 2744 1190 2815 felonies
1217 2757 1256 2815 et
1284 2749 1585 2835 transgressiones
1613 2747 1808 2816 audiendas
1831 2757 1871 2815 et
1896 2746 2141 2815 terminandas

637 2883 841 2971 migretis,
875 2884 933 2950 vel
967 2902 1087 2950 corem
1121 2884 1202 2951 eliis
1235 2882 1449 2967 Justiciariis
1481 2904 1546 2953 seu
1572 2884 1746 2953 ministris
1773 2884 1849 2953 suis
1878 2885 1937 2951 vel
1971 2884 2140 2951 heredum

640 3040 781 3088 suorum
834 3020 1113 3106 quibuscumque
1160 3020 1237 3089 fieri
1285 3031 1324 3089 et
1370 3022 1566 3091 adiudicari
1613 3021 1804 3109 contigerit
1850 3040 1916 3108 per
1961 3030 2141 3087 extrem

637 3156 804 3225 scaccarii
825 3156 882 3224 sui
904 3158 963 3225 vol
983 3158 1153 3224 heredum
1176 3177 1319 3225 suorum
1341 3158 1485 3225 ballivis
1507 3169 1545 3226 et
1566 3159 1740 3228 ministris
1766 3158 1959 3226 eorundem
1990 3156 2140 3223 Maioris

635 3304 672 3361 et
708 3293 980 3363 Communitetis
1008 3303 1045 3362 et
1073 3312 1314 3361 successorum
1343 3315 1486 3363 suorum
1515 3297 1562 3364 ed
1592 3305 1705 3363 totam
1733 3296 1844 3363 vitem
1880 3304 2039 3363 nostram
2075 3311 2139 3378 prr

634 3450 761 3499 manus
799 3430 1015 3499 vicecomitis
1055 3430 1252 3500 Comitatus
1290 3432 1375 3499 ville
1414 3432 1595 3499 Bristollie
1627 3443 1665 3501 et
1703 3452 1943 3500 successorum
1981 3448 2135 3511 suorum,

633 3566 878 3635 vicecomitum
908 3568 1065 3636 eiusdem
1093 3568 1178 3635 ville
1206 3589 1272 3656 pro
1301 3578 1459 3655 tempore
1486 3569 1726 3651 exeuntium,
1755 3570 1969 3656 inquorum
1993 3566 2137 3634 ballivis

634 3703 804 3785 dominis,
834 3704 1003 3785 menerls,
1032 3714 1134 3786 terre,
1165 3714 1377 3788 tenementa,
1410 3724 1453 3773 ac
1479 3706 1560 3773 loca
1587 3715 1626 3773 et
1659 3704 1765 3773 feoda
1792 3704 1954 3792 predicta
1979 3702 2140 3771 existent

635 3840 719 3909 inde
746 3840 950 3909 liberendas
977 3841 1107 3922 levare,
1134 3842 1314 3928 percipere
1341 3851 1379 3909 et
1406 3842 1540 3913 hebere
1569 3852 1720 3929 possunt
1755 3842 1835 3909 sine
1869 3839 2057 3909 occasione
2082 3840 2140 3906 vel

635 3977 889 4063 impedimento
927 3978 1078 4066 predicti
1122 3978 1402 4046 memendissimi
1440 3978 1583 4059 domini
1618 3979 1690 4047 mel
1732 3978 1849 4066 Regis
1890 3987 1928 4046 et
1970 3976 2138 4045 heredum

636 4133 778 4181 suorum
800 4122 863 4181 aut
883 4114 1006 4195 nostrl,
1029 4122 1092 4180 eut
1112 4114 1323 4182 ballivonrm
1345 4134 1409 4183 seu
1430 4115 1671 4183 ministrorum
1691 4134 1835 4183 suorum
1856 4123 1920 4183 eut
1939 4122 2138 4181 nostrorum

636 4268 944 4335 quorumcumque.
988 4248 1037 4318 Et
1065 4250 1160 4337 quod
1187 4250 1259 4336 ipsi
1286 4250 1405 4350 Maior
1431 4261 1469 4319 et
1495 4250 1741 4319 communitas
1766 4259 1806 4318 et
1832 4268 2052 4317 successores
2078 4246 2136 4315 sui
2269 4291 2271 4298 ·

638 4386 788 4453 durante
816 4386 892 4453 vite
915 4394 1038 4454 nostre
1065 4384 1222 4453 hebeerrt
1250 4386 1289 4453 in
1314 4386 1479 4454 omnibus
1506 4398 1545 4456 et
1572 4388 1725 4475 singulis
1752 4386 1930 4468 dominiis,
1958 4384 2138 4464 merlis,

638 4524 742 4591 terris
769 4522 991 4605 tenementis,
1020 4522 1109 4591 locis
1135 4532 1173 4591 et
1202 4520 1316 4591 feodis
1343 4524 1513 4609 predictis
1539 4522 1633 4592 inira
1659 4524 1783 4593 villam
1811 4522 1969 4591 Eristoil.
1994 4531 2033 4590 st
2058 4540 2141 4609 pro·

641 4656 2142 4746 clnctumeiusdemvilleCestroetfossetisalusdsmCestrlexcaptlr.

641 4793 773 4863 cauus
800 4790 968 4875 selorum,
996 4790 1223 4883 scalmorum,
1252 4794 1495 4883 utlegstorum
1523 4806 1561 4864 et
1588 4798 1870 4885 dempnemcum,
1899 4794 1958 4863 lte
1981 4793 2078 4883 quod
2110 4792 2143 4860 si

643 4900 724 5019 qus
750 4928 932 4999 ennom
960 4938 998 4999 et
1026 4930 1226 4999 meeum
1254 4930 1492 5018 psum
1514 4943 1578 4999 aut
1601 4932 1664 5001 ars
1692 4932 1731 4999 tn
1758 4931 1936 5010 romnus,
1962 4926 2141 5010 memus

639 5064 2142 5157 mtmsmmdalociaethodispmdicdsinhevillsdemfflet
