4975 6309
567 776 634 847 192
901 748 997 841 ube
1023 746 1161 839 little
1185 746 1284 837 lieo
1309 747 1437 839 Boot
1462 750 1513 839 ot
1542 750 1728 843 tltbtol

562 962 755 1029 denarium.
814 960 905 1029 Item
942 962 1153 1027 distribuent
1188 962 1313 1028 eodem
1348 963 1408 1029 die
1443 963 1530 1031 dicti
1565 973 1810 1051 procuratores
1843 984 1910 1051 pro
1942 965 2063 1033 anima

562 1100 649 1167 dicti
683 1098 857 1182 Johannis
893 1096 1004 1165 Stoke
1040 1110 1076 1165 et
1111 1118 1176 1185 pro
1213 1099 1401 1167 animabus
1435 1101 1593 1167 omnium
1627 1101 1786 1168 fidelium
1822 1100 2064 1169 defimctorum

562 1236 691 1322 viginti
720 1247 870 1321 quatuor
898 1236 1124 1321 pauperibus,
1154 1237 1247 1304 oecis
1275 1248 1314 1305 et
1340 1239 1488 1320 claudis,
1517 1238 1610 1305 infra
1644 1240 1851 1307 comitatum
1886 1239 2068 1307 Bristollie

563 1373 871 1452 commorantibus,
909 1372 1053 1439 cuilibet
1089 1392 1221 1455 eorum,
1264 1375 1355 1441 duos
1397 1375 1572 1443 denarios.
1631 1374 1784 1443 Soluam
1825 1376 1939 1443 eciam
1982 1376 2068 1443 dicti

429 1480 433 1493 ¹
564 1520 807 1597 promotores
843 1508 1100 1595 imperpetuum
1139 1511 1185 1576 de
1221 1510 1382 1595 predicta
1419 1512 1591 1596 moturus
1627 1513 1784 1598 quinque
1825 1511 1995 1579 librarum
2030 1521 2067 1578 et

564 1649 719 1735 quinque
748 1646 937 1713 solidorum
964 1647 1139 1713 sacerdoti
1164 1647 1332 1715 seruienti
1357 1650 1405 1714 ad
1426 1650 1538 1715 altare
1558 1649 1672 1715 Beate
1692 1649 1808 1717 Mario
1828 1648 2000 1737 Virginis,
2022 1650 2069 1715 ad

483 1790 489 1803 ’
563 1784 852 1853 emendacionem
906 1782 1047 1850 seruicii
1101 1783 1168 1863 sui,
1223 1783 1354 1871 viginti
1408 1804 1474 1851 sex
1525 1784 1660 1851 solidos
1702 1794 1740 1851 et
1782 1794 1863 1851 octo
1906 1785 2070 1851 mundos

562 1922 821 2007 sterlingorum,
852 1918 910 1987 Ita
937 1930 1057 1985 tamen
1087 1920 1182 2004 quod
1208 1921 1304 2005 juret
1331 1921 1427 2005 quod
1455 1921 1495 1987 in
1523 1921 1708 1989 missiset
1736 1920 1961 1989 oracionibus
1996 1920 2071 1987 suis

561 2057 708 2125 habebit
757 2058 914 2125 animam
963 2057 1138 2143 Johannis
1189 2054 1302 2124 Stoke
1351 2066 1388 2123 et
1446 2058 1585 2152 animas
1641 2058 1819 2145 predictas
1869 2058 2071 2145 specialiter

563 2196 876 2261 recommendatas.
921 2192 1012 2261 Item
1028 2193 1211 2261 inuenient
1224 2193 1375 2277 predicti
1388 2203 1633 2279 procuratores
1646 2214 1837 2282 eorumque
1851 2215 2070 2263 successores

564 2330 820 2417 imperpetuum
849 2333 895 2399 de
929 2332 1089 2418 predicta
1125 2330 1297 2417 peccunia
1331 2350 1440 2397 unam
1475 2332 1677 2417 lampadem
1713 2334 1896 2400 ardentem
1933 2332 1992 2399 die
2027 2350 2070 2399 ac

564 2476 667 2535 nocte
710 2468 748 2533 in
792 2470 914 2538 eadem
950 2469 1100 2535 ecclesia
1135 2488 1254 2535 coram
1291 2468 1404 2535 altare
1435 2468 1549 2537 Beate
1577 2469 1694 2537 Marie
1721 2468 1903 2555 Virginis;
1939 2468 2072 2535 faciam

564 2606 676 2673 eciam
704 2607 761 2673 vel
789 2604 866 2673 fieri
894 2604 1026 2673 faciant
1061 2606 1147 2673 dicti
1182 2614 1427 2690 procuratores
1461 2624 1652 2692 eorumque
1687 2623 1908 2673 successores
1943 2604 2071 2691 imper·

411 2802 419 2818 .
466 2774 491 2817 ‚¹
563 2752 707 2829 potuum
736 2744 834 2810 omni
863 2763 968 2822 anno,
997 2742 1055 2809 die
1084 2741 1317 2809 anniuersarii
1345 2741 1433 2808 dicti
1452 2742 1629 2826 Johannis
1655 2740 1780 2821 Stoke,
1801 2742 1892 2807 duos
1912 2739 2071 2807 torticios

563 2898 676 2947 nouos
704 2882 748 2947 de
777 2900 858 2949 cera
884 2881 1133 2967 ponderantes,
1155 2879 1305 2964 quilibet
1326 2898 1459 2959 eorum,
1487 2898 1554 2945 sex
1574 2879 1695 2958 libras,
1718 2887 1755 2944 et
1776 2877 1866 2943 duos
1886 2876 2070 2963 prykettes

561 3017 739 3102 ponderis,
769 3016 917 3103 quilibet
945 3036 1076 3097 eorum,
1106 3016 1213 3083 trium
1242 3015 1413 3083 librarum
1441 3016 1607 3083 ardentes
1642 3014 1736 3081 circa
1771 3014 1947 3081 tumulum
1982 3012 2069 3077 dicti

562 3154 736 3238 Johannis
765 3153 878 3221 Stoke
913 3154 971 3220 die
1008 3152 1241 3219 anniuersarii
1277 3152 1344 3233 sui,
1381 3162 1418 3219 et
1457 3153 1505 3218 ad
1545 3152 1817 3219 deseruiendum
1856 3170 1922 3236 per
1957 3157 2071 3215 totum

564 3311 695 3357 annum
722 3306 927 3377 sequentem
951 3290 998 3355 ad
1021 3292 1134 3357 altare
1157 3290 1271 3357 Beate
1291 3289 1407 3357 Maria
1427 3288 1589 3377 Virginis
1609 3290 1647 3357 in
1669 3289 1789 3357 missis
1810 3288 1849 3355 in
1870 3287 2073 3355 eleuacione

564 3425 795 3495 Sacramenti.
851 3424 1111 3512 Recipiuntque
1132 3426 1218 3493 dicti
1240 3434 1485 3510 procuratores
1514 3445 1705 3509 eorumque
1734 3442 1955 3492 successores
1975 3420 2073 3489 omni

563 3583 658 3631 anno
701 3565 956 3651 imperpetuum
1001 3564 1046 3629 de
1088 3564 1257 3651 predictis
1299 3563 1455 3650 quinque
1504 3563 1606 3631 libris
1656 3573 1693 3631 et
1736 3566 1893 3649 quinque
1935 3560 2071 3639 solidis,

563 3700 711 3784 quilibet
742 3718 872 3778 eorum,
910 3718 974 3767 sex
1009 3700 1143 3767 solidos
1178 3709 1215 3766 et
1251 3708 1332 3765 octo
1367 3700 1533 3766 denarios
1569 3700 1818 3785 sterlingorum
1856 3719 1921 3784 pro
1949 3697 2071 3764 labore

563 3856 694 3914 eorum,
723 3855 766 3901 ea
794 3804 999 3903 condicione
1028 3838 1122 3922 quod
1150 3836 1272 3904 omnia
1299 3856 1408 3903 onera
1441 3837 1615 3923 premissa
1642 3837 1695 3903 eis
1724 3836 1845 3903 debita
1865 3856 1930 3921 per
1958 3835 2066 3901 istam

564 3971 825 4038 ordinacionem
865 3970 963 4037 omni
1003 3989 1098 4037 anno
1137 3972 1397 4057 imperpetuum
1439 3974 1532 4041 bene
1570 3982 1607 4041 et
1642 3964 1795 4039 fideliter
1830 3970 1868 4037 in
1907 3970 2073 4039 omnibus

565 4107 697 4175 faciant
725 4108 915 4187 obseruari,
945 4116 980 4174 et
1010 4107 1048 4173 iu
1078 4128 1163 4174 casu
1193 4111 1289 4195 quod
1318 4110 1581 4177 ordinacionem
1609 4110 1716 4177 istam
1746 4128 1820 4176 non
1847 4108 2072 4195 impleuerint

566 4258 621 4313 set
657 4246 697 4313 in
733 4245 853 4331 aliquo
892 4246 1083 4314 defecerint
1118 4250 1284 4315 volumus
1317 4250 1413 4335 quod
1452 4268 1517 4318 sex
1555 4248 1672 4329 solidi,
1709 4257 1791 4315 octo
1830 4247 1967 4314 denarii
2008 4266 2073 4333 per

566 4384 828 4452 ordinacionem
857 4381 1025 4451 nostram¹
1060 4402 1125 4469 pro
1154 4384 1277 4451 labore
1304 4384 1449 4451 cuilibet
1478 4404 1600 4451 eorum
1629 4384 1785 4452 ordinati
1821 4392 2072 4451 conuertuntur

567 4524 614 4587 ad
641 4540 731 4607 opus
760 4520 854 4587 dicte
882 4522 1028 4589 ecclesie
1058 4520 1184 4589 Sancti
1213 4522 1349 4589 Thomu
1378 4522 1441 4590 illo
1469 4542 1565 4590 anno
1593 4523 1780 4589 dumtaxat
1817 4522 1895 4588 sine
1930 4530 2071 4589 conua-

568 4658 726 4725 diceione
751 4658 1010 4745 cujuscumque,
1040 4670 1076 4727 et
1106 4660 1194 4729 dicti
1221 4670 1466 4747 procuratores
1496 4660 1606 4728 nichil
1636 4660 1721 4727 inde
1752 4660 1928 4746 recipiant
1959 4660 2072 4728 donec

568 4793 767 4861 εεῖίεῐεοείο
791 4794 836 4859 de
863 4794 934 4861 hiis
964 4795 1066 4863 fuerit
1095 4796 1190 4866 facta
1217 4797 1377 4884 plenarie
1398 4798 1504 4885 juxta
1531 4796 1795 4865 ordmacionem
1823 4796 1969 4884 moris
1989 4798 2074 4865 ville

569 4930 750 4999 Bristollie
778 4940 815 4997 et
843 4930 966 4998 vicarii
995 4933 1040 4999 de
1069 4933 1285 5023 Redeclyue.
1343 4934 1420 5003 Nec
1448 4934 1569 5001 licebit
1605 4933 1710 5001 dictis
1745 4934 1882 5001 Titome
1913 4934 2072 5001 Bourton

1195 5103 1452 5157 ²MS.nostram.
