4975 6309
572 804 622 877 ³0
908 769 1005 861 ebe
1029 766 1168 859 little
1192 763 1291 854 heo
1315 762 1444 857 boon
1469 767 1520 860 oi
1550 768 1738 859 numos

573 988 717 1061 salsatis
750 1004 816 1053 nec
852 982 1062 1061 recentibus,
1092 978 1273 1059 allecibus,

574 1146 641 1196 nec
666 1124 843 1210 aliquibus
869 1120 950 1186 aliis
974 1117 1186 1185 victualibus
1212 1134 1275 1181 seu

575 1266 681 1333 rebus
694 1259 766 1327 nisi
780 1258 826 1324 ad
840 1276 930 1342 opus
945 1254 1070 1340 Regis,
1083 1262 1119 1319 et
1132 1252 1201 1319 hoc
1215 1270 1279 1335 per

576 1405 773 1469 warantum
795 1394 958 1481 speciale.
1003 1392 1051 1461 Et
1080 1390 1175 1477 quod
1205 1408 1278 1455 ser·

577 1536 713 1605 vientes
739 1534 784 1599 de
805 1530 944 1598 marina
964 1548 1031 1595 nec
1049 1528 1110 1597 alii
1125 1524 1278 1595 ministri

578 1670 687 1739 nichil
702 1668 847 1753 capiant
857 1684 919 1732 seu
934 1662 1082 1749 exigant
1095 1682 1160 1748 pro
1175 1660 1278 1727 feodo

579 1828 644 1877 suo
673 1825 739 1873 nec
774 1802 888 1869 officio
925 1820 990 1867 suo
1018 1797 1180 1865 faciendo
1209 1794 1280 1861 nisi

579 1952 718 2015 tantum
733 1939 823 2006 illud
833 1938 927 2024 quod
939 1934 1068 2019 aliquis
1081 1934 1135 1999 eis
1149 1932 1284 2015 absque

580 2077 995 2160 cohercionespontanea
1006 2066 1282 2137 voluntatedare

581 2214 741 2285 voluerit.
787 2210 880 2278 Etsi
903 2208 964 2294 qui
985 2206 1137 2275 ministri
1160 2223 1283 2289 supra·

583 2351 669 2419 dicti
691 2350 807 2417 colore
829 2345 934 2413 officii
957 2344 1012 2411 sui
1034 2344 1137 2411 aliter
1150 2341 1283 2409 iaciant

582 2508 691 2576 quam
747 2486 863 2553 facere
916 2482 1095 2558 deberent,
1153 2486 1285 2545 extunc

583 2632 763 2693 ostensum
779 2621 827 2687 sit
840 2618 966 2687 maiori
980 2624 1017 2684 et
1030 2615 1128 2699 xlviij
1152 2623 1193 2680 ut
1213 2612 1285 2699 ipsi

583 2780 690 2847 super
703 2778 824 2826 eorum
837 2755 932 2823 facto
950 2752 1130 2821 emendari
1151 2750 1284 2817 faciant

584 2906 689 2984 prout
702 2894 829 2961 melius
843 2892 916 2959 fore
926 2890 1078 2959 viderint
1087 2888 1286 2956 faciendum

585 3034 623 3099 in
637 3029 830 3119 premissis.

631 3310 662 3372 6.
686 3304 734 3371 Et
757 3303 851 3389 quod
875 3299 1038 3368 dominus
1068 3296 1152 3365 Rex
1176 3316 1286 3363 unum

586 3442 718 3511 habeat
750 3436 960 3505 servientem
997 3435 1043 3500 de
1079 3433 1217 3499 marina
1252 3438 1290 3497 et

587 3578 701 3647 maior
721 3584 759 3642 et
783 3572 1017 3641 communitas
1047 3570 1155 3636 alium
1184 3578 1290 3654 prout

587 3717 759 3782 hactenus
771 3712 903 3778 hebere
918 3714 1183 3777 consueverunt.

634 3868 665 3935 7.
689 3849 780 3916 Item
795 3844 995 3915 ordinatum
1012 3852 1067 3911 est
1088 3852 1125 3910 et
1146 3861 1289 3909 concor-

590 3989 713 4056 datum
742 3985 837 4072 quod
869 3983 1030 4050 decetero
1060 3980 1098 4045 in
1127 3978 1292 4046 omnibus

591 4124 734 4211 placitis
765 4120 1011 4207 personalibus
1047 4136 1127 4183 cum
1164 4116 1294 4203 aliquis

592 4265 713 4325 narrat
731 4273 797 4339 per
817 4255 973 4337 dampna
993 4252 1088 4338 quod
1103 4250 1180 4337 ipse
1193 4270 1291 4317 recu·

592 4412 716 4479 perure
735 4392 849 4477 possit
862 4392 1020 4475 dampna
1034 4408 1100 4455 sua
1113 4396 1230 4455 utmm
1246 4386 1294 4453 sit

592 4540 781 4599 extraneus
795 4529 853 4597 vel
874 4528 1044 4613 privatus.
1089 4525 1137 4593 Et
1152 4526 1184 4593 si
1197 4545 1293 4592 com·

592 4678 730 4755 perium
747 4664 793 4731 sit
807 4684 871 4749 per
884 4662 1154 4748 inquisicionem
1170 4660 1293 4729 huius·

594 4803 690 4875 modi
704 4811 891 4890 querentes
912 4820 990 4867 esse
1013 4800 1293 4887 dampnificatos,

594 4951 724 5009 extunc
753 4940 909 5023 dampna
938 4937 1001 5002 illa
1031 4958 1095 5025 per
1123 4938 1296 5005 iuratores

595 5085 761 5145 taxentur
775 5084 812 5140 et
825 5092 897 5140 non
912 5091 976 5158 per
990 5074 1090 5142 alios.

1373 979 1538 1070 hartinga
1563 1004 1606 1051 ot
1633 1002 1706 1069 any
1729 980 1832 1051 other
1861 978 2012 1051 victuuis
2036 998 2078 1045 or

1374 1118 1498 1207 things
1525 1126 1718 1207 exceptat
1744 1118 1807 1185 the
1834 1114 1928 1187 need
1951 1113 1994 1183 of
2015 1114 2078 1186 the

1375 1256 1488 1344 Κίος,
1504 1258 1575 1325 and
1590 1256 1664 1327 this
1682 1256 1734 1341 by
1755 1250 1890 1339 special
1910 1259 2076 1323 wamaut.

1375 1385 2079 1478 Andtbetserjeuntsofmarineotother

1376 1540 1538 1599 muts
1559 1531 1653 1600 shall
1674 1536 1738 1599 aot
1757 1526 1843 1593 take
1862 1544 1904 1593 or
1923 1524 2077 1596 demand

1377 1664 1554 1753 anything
1562 1663 1618 1733 for
1626 1663 1719 1731 their
1728 1661 1783 1729 fae
1791 1679 1833 1728 or
1841 1658 1896 1731 fos
1908 1658 2078 1746 perform·

1379 1804 1444 1890 ing
1468 1802 1559 1869 their
1581 1800 1693 1881 office,
1718 1806 1845 1883 except
1871 1797 1957 1882 only
1984 1795 2081 1864 what

1379 1933 2080 2028 anyonemaybewillingtogivethem

1380 2076 1528 2145 without
1542 2072 1715 2152 coercion.
1724 2068 1766 2139 of
1774 2070 1831 2141 bis
1844 2088 1926 2137 own
1940 2066 2078 2140 socord-

1381 2212 1467 2278 And
1503 2209 1535 2277 if
1572 2230 1645 2296 any
1685 2218 1848 2275 servants
1890 2204 2082 2276 absumsit

1382 2348 1494 2417 under
1520 2346 1643 2415 oolour
1668 2344 1711 2417 oi
1736 2342 1829 2411 their
1857 2339 1959 2412 offius
1986 2339 2080 2407 shall

1382 2493 1442 2553 act
1461 2482 1649 2553 otherwise
1671 2480 1761 2547 than
1788 2478 1876 2566 they
1902 2476 2018 2564 ought
2043 2486 2082 2546 to

1383 2623 1442 2703 do,
1468 2623 1553 2689 then
1581 2620 1632 2691 let
1660 2618 1691 2686 it
1717 2620 1765 2685 be
1789 2617 1912 2686 shewn
1946 2622 1986 2683 to
2021 2612 2082 2681 the

1383 2777 1508 2847 mayor
1529 2757 1601 2826 and
1621 2758 1683 2823 the
1703 2752 1914 2840 forty-eight
1929 2750 1969 2817 in
1981 2748 2085 2820 osdss

1384 2896 1464 2962 that
1487 2894 1574 2980 they
1591 2911 1677 2979 may
1695 2891 1789 2958 have
1805 2890 1836 2957 it
1849 2886 2025 2959 amended
2036 2904 2095 2985 ou

1385 3024 2087 3101 thefactasshallseembesttobedone

1387 3170 1425 3235 in
1438 3167 1501 3235 the
1513 3175 1660 3233 matters
1673 3158 2025 3233 before-mentioned.

1431 3308 1463 3371 6.
1484 3302 1572 3371 And
1593 3302 1672 3371 that
1696 3301 1758 3373 the
1780 3298 1884 3385 King
1902 3298 1994 3365 have
2018 3314 2087 3362 one

1387 3440 1542 3528 sedem
1564 3436 1606 3506 of
1627 3436 1764 3506 marine
1786 3434 1858 3503 aad
1878 3433 1941 3499 the
1959 3429 2088 3517 Meyer

1388 3579 1459 3648 and
1489 3576 1738 3662 Commonalty
1762 3572 1913 3640 anothet
1937 3588 1980 3636 as
2001 3568 2088 3653 they

1387 3716 1481 3783 have
1493 3713 1648 3781 hitherto
1661 3712 1752 3779 been
1767 3703 2001 3776 accustomed

1435 3816 1468 3935 ,ζ
1487 3848 1580 3919 auo
1593 3848 1622 3917 a
1635 3847 1668 3913 a
1681 3844 1852 3917 asanaa
1865 3842 1939 3914 aaa
1959 3838 2090 3933 aaron

1389 3986 1469 4053 thet
1492 3985 1531 4053 in
1553 3984 1669 4057 hiteta
1682 3982 1722 4055 iu
1734 3982 1785 4047 all
1803 3976 1969 4066 personui
1990 3974 2092 4061 plens

1389 4123 1492 4191 when
1514 4140 1654 4208 anyone
1675 4138 1757 4187 sues
1778 4117 1832 4183 fot
1852 4115 2025 4202 damages
2044 4110 2092 4177 he

1391 4278 1458 4328 can
1473 4276 1616 4325 moeses
1630 4255 1803 4341 damages
1814 4252 1974 4321 whetbst
1984 4249 2033 4315 be
2044 4246 2091 4311 be

1391 4392 1779 4481 straagmrcitizen.
1831 4382 2093 4459 Aedifitbe

1394 4532 1503 4607 found
1516 4532 1566 4617 by
1580 4528 1789 4616 inquisition
1802 4526 1883 4594 that
1897 4524 1986 4591 such
1998 4539 2094 4589 oom-

1393 4669 1575 4757 plsinuts
1589 4687 1651 4737 aro
1663 4666 1803 4753 injured
1816 4664 1903 4733 then
1920 4664 1972 4729 let
1991 4661 2094 4728 those

1394 4808 1565 4895 deneges
1589 4806 1636 4875 be
1661 4804 1824 4875 assessed
1854 4804 1905 4889 by
1927 4801 1989 4869 the
2013 4797 2096 4886 jury

1396 4944 1468 5012 aad
1481 4954 1545 5011 not
1558 4943 1608 5032 by
1621 4944 1752 5010 others.
