4975 6309
592 771 668 827 200
875 704 882 727 '
940 751 1037 842 one
1061 750 1202 843 nnn
1226 752 1325 844 neo
1350 751 1479 842 neon
1504 752 1555 843 ot
1583 750 1773 845 areton
1920 836 1924 843 ,

591 982 733 1031 exnunc
786 962 1046 1052 imperpetuum
1099 966 1186 1033 dicti
1239 966 1422 1052 Johnnnea
1474 976 1514 1035 et
1571 964 1760 1045 Ricardum
1815 960 2013 1055 Capellam
2067 978 2105 1035 et

593 1119 812 1169 successores
865 1102 921 1169 sui
963 1104 1086 1171 deoem
1129 1102 1265 1172 solidos
1307 1103 1346 1171 in
1387 1124 1483 1191 pane
1525 1104 1743 1191 pauperrime
1783 1124 1849 1193 per
1902 1106 2020 1173 visum
2068 1117 2106 1174 et

586 1234 853 1305 ordinacionem
903 1256 1055 1325 persone
1103 1248 1140 1307 et
1184 1238 1379 1309 Custodum
1420 1240 1570 1309 ecclesie
1611 1241 1779 1329 predicte.
1847 1240 1898 1309 Et
1939 1241 1974 1309 ei
2015 1242 2103 1311 dicti

541 1436 551 1465 ,
588 1372 773 1457 Jonannes
808 1384 845 1441 et
881 1374 1070 1459 maren,
1111 1374 1309 1465 Capenam
1347 1388 1386 1447 et
1421 1357 1545 1447 eom
1582 1397 1803 1448 sum
1840 1376 2029 1465 capam
2063 1380 2102 1447 n

591 1509 747 1579 futurum
800 1511 945 1600 aliquod
987 1513 1184 1583 omittendo
1226 1514 1265 1581 in
1315 1514 1437 1602 aliquo
1472 1507 1631 1585 articulo'
1662 1515 1820 1601 predicte
1865 1515 2105 1585 ordinacionis

590 1648 782 1719 defecerint
808 1651 867 1719 vel
895 1652 1072 1738 deiecerit,
1096 1655 1192 1741 quod
1215 1654 1321 1737 absit,
1350 1664 1482 1722 extunc
1508 1654 1601 1721 bene
1628 1652 1735 1721 liceat
1752 1651 1885 1740 Maiori
1910 1652 2103 1737 Brintollie,

590 1788 780 1857 heredibus
807 1790 908 1875 meis,
936 1810 1088 1877 persone
1115 1803 1153 1860 et
1181 1792 1397 1861 Custodibus
1425 1792 1520 1860 dicte
1548 1790 1697 1861 eeclede
1731 1800 1769 1859 et
1803 1808 1926 1859 eorum
1964 1806 2103 1860 succee-

591 1928 743 2008 soribus,
786 1928 850 2017 qui
887 1949 954 2019 pro
994 1940 1154 2019 tempore
1190 1929 1332 2013 luerim,
1371 1928 1494 1998 omnia
1533 1930 1694 2017 predicta
1730 1930 1916 2019 mesuagio
1952 1928 2103 2018 ingredi,

590 2066 812 2155 distringere,
842 2077 879 2136 et
907 2066 1150 2137 dseiccioneo
1178 2088 1289 2155 penes
1317 2086 1358 2135 ae
1380 2068 1543 2148 retinere,
1572 2087 1711 2137 necnon
1747 2068 1863 2137 dictos
1901 2067 2102 2153 Iohannem

591 2215 626 2271 et
656 2202 852 2273 Ricardum
879 2214 917 2271 et
944 2224 1067 2273 eomm
1104 2224 1326 2273 successores
1363 2205 1422 2272 vel
1458 2224 1580 2273 eorum
1617 2215 1781 2275 tenernee
1820 2204 1979 2273 totaliter
2016 2204 2102 2271 inde

589 2342 767 2427 expellere
791 2341 869 2409 aine
892 2340 1175 2411 monadiccione
1196 2342 1448 2431 cuiuscumque
1466 2362 1649 2432 quousque
1673 2343 1720 2411 de
1741 2343 1909 2411 omnibus
1930 2341 2098 2427 predictis

590 2478 748 2546 eenticiia
777 2488 813 2547 et
841 2478 1006 2548 omnibus
1029 2480 1111 2547 aliie
1133 2480 1292 2549 milonis
1314 2480 1477 2567 superius
1502 2481 1541 2549 in
1570 2480 1642 2549 ista
1665 2478 1893 2548 ordinacione
1926 2481 2103 2550 contentio

588 2637 652 2704 per
691 2636 753 2685 eos
786 2618 892 2705 juxta
929 2616 1192 2685 ordinacionem
1232 2616 1408 2685 dictorum
1447 2634 1601 2702 persom
1637 2623 1675 2683 et
1708 2613 1905 2683 Custodum
1943 2615 2009 2703 qui
2035 2634 2101 2702 pro

589 2765 749 2841 tempere
773 2754 903 2823 fuerint
931 2754 1091 2842 plenarie
1122 2752 1228 2823 fuerit
1263 2752 1494 2835 sadsfactum,
1538 2771 1582 2821 ac
1618 2751 1733 2821 eciam
1767 2753 1882 2821 donec
1918 2752 2101 2838 Johannee

588 2899 625 2957 et
682 2888 862 2957 Ricardus
914 2890 1108 2977 supradicti
1162 2910 1226 2959 eeu
1277 2911 1399 2960 eorum
1452 2910 1675 2959 mcceeeores
1722 2889 1828 2958 dictis
1871 2910 2023 2977 pareone
2064 2898 2102 2957 et

590 3024 805 3095 Custodibue
835 3026 897 3111 qui
924 3047 991 3114 pro
1019 3036 1178 3115 tempore
1206 3027 1339 3097 dterint
1365 3048 1431 3116 pro
1459 3028 1619 3115 quolibet
1641 3026 1791 3095 articulo
1816 3027 1922 3113 iuxta
1949 3024 2100 3095 mam

587 3174 623 3231 et
652 3164 915 3233 ordinacionem
944 3164 1107 3253 superius
1135 3174 1323 3234 contentas
1350 3165 1499 3234 aionon
1521 3165 1700 3269 complete
1722 3163 1770 3228 ad
1799 3161 1973 3231 fabricam
2006 3163 2102 3230 dicte

587 3302 735 3371 ecclesie
768 3300 893 3371 Sancti
931 3302 1107 3388 Johannis
1145 3303 1318 3372 soluerint
1356 3322 1422 3370 aex
1458 3301 1593 3371 solidos
1631 3310 1671 3369 et
1707 3309 1793 3369 octe
1834 3298 2012 3381 dmarioe,
2042 3296 2101 3365 Ita

586 3450 707 3508 tamen
744 3441 840 3528 quod
878 3441 1057 3529 quamcito
1090 3440 1241 3529 predicti
1283 3442 1466 3527 johannes
1504 3450 1542 3507 et
1580 3436 1760 3507 Ricardus
1803 3434 2001 3523 Capeliani,
2040 3436 2100 3502 vel

587 3598 678 3644 unus
721 3596 842 3645 eomm
884 3577 942 3645 vel
980 3576 1110 3665 aliquia
1149 3579 1206 3645 vel
1245 3578 1356 3664 aliqui
1399 3576 1585 3663 capellani
1634 3594 1880 3645 successorum
1925 3572 2100 3641 dictorum

585 3714 760 3797 Iohannis
802 3724 839 3782 et
882 3712 1032 3783 Ricardi
1075 3714 1203 3783 obierit
1243 3714 1302 3782 vel
1344 3714 1497 3783 obierint
1540 3712 1636 3800 quod
1679 3722 1811 3781 extunc
1853 3710 1973 3798 Maior
2011 3710 2097 3777 ville

587 3852 769 3922 Bristollie
797 3855 859 3941 qui
886 3872 952 3941 pro
980 3863 1140 3941 tempore
1163 3851 1269 3923 fuerit
1296 3854 1419 3922 statim
1447 3863 1530 3941 post
1568 3860 1720 3921 mortem
1756 3848 1871 3937 ipsius
1911 3846 2099 3935 Capeliani

589 3988 745 4058 defimcti
796 3990 905 4059 alium
960 3988 1193 4078 Capellanum
1246 3991 1425 4081 ydoneum
1478 3990 1637 4059 moninus
1693 3997 1732 4056 et
1784 3984 1941 4055 scienda
1993 3983 2100 4070 juxta

361 4140 563 4191 mmmmm
589 4125 840 4193 discrecionem
869 4124 982 4212 ipsius
1006 4125 1155 4212 Maioris
1180 4124 1242 4213 qui
1270 4134 1422 4213 protunc
1448 4125 1554 4193 merit
1582 4122 1856 4212 adjudicandum
1880 4122 1961 4187 loco
1985 4117 2100 4205 ipsius

369 4204 557 4321 diffidi
591 4261 777 4349 capenam
804 4260 962 4331 defuncti
991 4265 1038 4330 aa
1064 4263 1196 4331 dictam
1225 4261 1431 4331 eneam
1455 4261 1687 4349 pentane,
1716 4260 1903 4344 eidemque
1942 4252 2100 4323 conferet

591 4401 777 4487 ipsumque
805 4401 843 4467 in
871 4397 1132 4487 possessionem
1161 4400 1320 4488 ejusdem
1348 4399 1518 4469 Centena
1545 4400 1675 4479 mittet,
1705 4398 1876 4484 imponet,
1905 4392 2002 4459 mitti
2040 4390 2098 4457 vel

590 4537 726 4622 imponi
764 4534 873 4603 faciet
915 4536 1089 4623 corporali
1124 4536 1326 4625 juramento
1366 4537 1415 4603 ab
1453 4556 1497 4604 eo
1535 4537 1582 4603 ad
1623 4534 1760 4604 Sancta
1798 4530 1870 4600 Dei
1898 4526 2101 4615 Euangelia

589 4674 762 4761 prestito,ยน
784 4674 880 4761 quod
909 4674 1007 4741 omni
1036 4692 1142 4756 anne,
1166 4672 1332 4741 videlicet
1361 4674 1472 4741 semel
1500 4674 1539 4739 in
1567 4670 1723 4739 mastino
1753 4664 1879 4737 Sancti
1911 4663 2101 4732 Michaelis

589 4809 819 4897 Archangeli,
847 4810 993 4877 veniant
1021 4829 1140 4877 coram
1169 4808 1309 4895 Maiore
1336 4820 1373 4877 et
1402 4807 1665 4879 communitate
1685 4807 1782 4875 dicte
1804 4804 1890 4872 ville
1915 4800 2099 4869 Briatollie

589 4960 625 5017 et
653 4959 801 5035 vterque
828 4966 949 5015 eorum
979 4949 1099 5016 veniat
1127 4947 1319 5035 prestando
1341 4948 1593 5035 iuramentum,
1624 4944 1719 5031 quod
1748 4962 1821 5011 non
1859 4938 2100 5010 absentabunt

1238 5120 1250 5151 ยน
1266 5120 1329 5174 us.
1346 5120 1453 5189 penio.
