4975 6309
224 4649 314 4715 rsus.

160 4813 216 4865 m
233 4823 370 4865 murum

160 4877 369 4930 Wmuoun.

723 735 821 826 ube
846 734 986 825 ltttlc
1010 735 1108 825 ‘nco
1132 734 1262 824 Book
1286 735 1336 824 of
1366 736 1555 826 cristol.
1822 763 1892 832 133

385 949 561 1032 Johannis
589 947 702 1017 Stolce
735 950 914 1035 qnondam
948 947 1137 1034 burgensis
1171 947 1257 1014 ville
1292 948 1473 1016 Bristollie
1511 949 1711 1035 supradicte
1745 949 1892 1016 fundate

387 1101 424 1153 et
457 1086 549 1153 facte
585 1087 625 1152 in
660 1085 798 1172 capella
834 1083 958 1151 Sancti
993 1084 1140 1165 Thema,
1171 1084 1340 1166 Bristoll,
1376 1085 1610 1152 Bathoniensi
1646 1095 1682 1152 et
1717 1083 1891 1152 Wellensi

387 1224 531 1303 diocesi,
558 1243 624 1310 per
652 1221 870 1289 venerabiles
898 1222 993 1288 viros
1021 1222 1239 1288 willelmum
1271 1221 1460 1310 Canynges
1482 1233 1518 1290 et
1538 1222 1736 1290 Walterum
1758 1223 1892 1310 Derby,

386 1364 582 1448 burgenses
610 1359 779 1438 Bristoll,
807 1367 912 1443 prout
940 1356 979 1423 in
1014 1357 1226 1443 quibusdam
1261 1357 1389 1426 litteris
1424 1360 1628 1444 patentibus
1662 1361 1708 1425 de
1743 1359 1895 1426 licencia

388 1496 535 1584 speciali
563 1493 794 1561 illustrissimi
821 1492 938 1579 Regis
973 1494 1086 1560 nostri
1121 1493 1271 1561 Ricardi
1306 1497 1452 1562 secundi
1488 1497 1622 1582 Anglie
1658 1517 1752 1562 anno
1788 1497 1892 1584 regni

388 1634 444 1700 sui
494 1640 597 1699 sexto
646 1629 786 1716 plenius
835 1630 1046 1710 sentinetur,
1096 1630 1265 1698 dilectum
1309 1629 1396 1698 mihi
1439 1630 1477 1697 in
1521 1631 1666 1700 Christo
1709 1633 1890 1700 dominum

388 1771 610 1838 willelmum
632 1767 787 1854 Sidbury
809 1768 1040 1852 Capellanum
1066 1767 1318 1834 Bathoniensis
1346 1777 1384 1834 et
1410 1769 1604 1836 Wellensis
1633 1769 1814 1838 dioceseos
1846 1773 1894 1837 ad

389 1908 522 1974 dictam
550 1904 746 1972 cantariam
774 1904 957 1971 inlocum
986 1905 1122 1972 domini
1150 1905 1300 1972 Ricardi
1337 1905 1521 1984 Coventre,
1562 1905 1679 1972 ultimi
1714 1908 1889 1992 capellani

388 2046 548 2112 eiusdem
577 2042 753 2122 Cantarie,
783 2039 949 2123 defirncti,
978 2041 1120 2108 racione
1148 2042 1359 2110 maioritatis
1388 2043 1472 2110 ville
1508 2043 1664 2130 predicte
1699 2045 1768 2112 hac
1803 2045 1891 2124 vice,

389 2182 436 2249 ad
494 2171 743 2247 celebrandum
795 2177 917 2244 divina
968 2177 1120 2263 singulis
1175 2179 1301 2244 diebus
1344 2179 1382 2245 in
1425 2180 1563 2265 capella
1614 2180 1773 2265 predicta
1826 2200 1895 2267 pro

389 2316 576 2383 animabus
612 2316 651 2382 in
690 2315 916 2382 ordinacione
954 2333 1019 2380 seu
1057 2314 1317 2398 composicione
1359 2315 1453 2382 dicte
1490 2315 1655 2382 Cantarie
1691 2315 1894 2400 specialiter

390 2452 653 2537 comprehensis
695 2451 742 2517 so
785 2449 1112 2519 eenomnaeonem
1155 2451 1299 2519 essee
1341 2453 1408 2518 vui
1452 2452 1619 2538 Magistri
1663 2451 1811 2519 Henrici
1847 2453 1892 2520 ee

389 2587 645 2671 Netberavene,
675 2597 759 2654 tunc
795 2586 917 2653 vicarii
952 2589 998 2654 de
1026 2587 1240 2676 Redeclyve,
1270 2587 1439 2670 Bristoll,
1476 2588 1629 2656 Bathon.
1667 2598 1704 2655 et
1739 2587 1891 2656 Wellen.

391 2723 535 2806 diocesi,
564 2734 601 2792 et
627 2734 892 2810 procuratorum
921 2723 1056 2809 prefate
1087 2725 1225 2810 capelle
1262 2723 1387 2793 Sancti
1409 2723 1546 2792 Thome
1567 2725 1629 2811 qui
1649 2745 1715 2810 pro
1736 2735 1897 2812 tempore

390 2857 520 2926 inerint
573 2858 611 2925 in
664 2860 883 2945 corporalem
933 2861 1194 2947 possessionem
1248 2871 1441 2930 memorate
1487 2863 1654 2930 Cantarie
1696 2883 1776 2930 cum
1819 2863 1895 2930 suis

391 2997 620 3084 pertinenciis
672 2996 846 3064 universis
898 2997 991 3064 infra
1042 2999 1306 3084 quatuordecim
1350 2999 1427 3066 dies
1456 3009 1558 3086 post
1608 3009 1757 3067 mortem
1807 2999 1895 3067 dicti

392 3131 542 3201 Ricardi
581 3133 784 3200 immediate
823 3121 1010 3220 setjuentes
1048 3144 1085 3201 et
1120 3145 1226 3220 prout
1267 3135 1393 3203 maiori
1428 3137 1512 3202 ville
1547 3136 1704 3223 predicte
1732 3135 1794 3222 qui
1829 3155 1894 3221 pro

392 3279 552 3356 tempore
572 3269 676 3338 buerit
700 3273 893 3340 secundum
920 3273 995 3340 vim
1023 3272 1295 3359 composicionis
1322 3271 1479 3359 predicte
1508 3271 1554 3339 de
1582 3271 1657 3338 inre
1683 3269 1894 3350 attribuitur,

394 3407 532 3489 admisi,
572 3409 677 3494 posui
715 3409 848 3495 pariter
883 3419 920 3475 et
954 3407 1090 3476 induxi.
1142 3409 1204 3476 'Et
1245 3410 1499 3494 subsequenter
1537 3407 1694 3493 prefatus
1731 3409 1895 3475 dominus

393 3533 596 3602 willelmus
631 3535 787 3624 Sidbury
822 3555 941 3603 coram
977 3556 1035 3602 me
1069 3535 1206 3623 prefato
1241 3535 1423 3604 Willelmo
1467 3533 1672 3603 Scmerwell
1707 3535 1746 3602 in
1788 3536 1898 3622 plena
1971 3555 1974 3560 ·

395 3671 502 3742 Curia
524 3674 563 3740 in
584 3671 751 3756 Gibalda,
778 3674 936 3742 Bristoll.
967 3674 1218 3760 sollempniter,
1248 3683 1288 3740 ut
1316 3671 1426 3738 moris
1447 3679 1512 3752 est,
1534 3673 1629 3758 quod
1651 3671 1897 3739 ordinaciones

394 3819 432 3878 et
481 3810 602 3878 omnia
651 3830 760 3878 onera
801 3811 841 3878 in
883 3812 980 3878 dicta
1021 3810 1281 3896 composicione
1324 3817 1490 3876 contenta
1533 3810 1624 3875 bene
1667 3818 1704 3875 et
1745 3806 1897 3876 fideliter

394 3945 596 4013 observaret
624 3947 806 4032 corporale
833 3946 988 4031 prestitit
1025 3955 1294 4013 sacramentnm.
1353 3946 1398 4014 In
1433 3945 1533 4013 cuius
1569 3946 1621 4012 rei
1657 3945 1897 4013 testimoninm

395 4084 554 4172 sigillum
582 4082 688 4150 officii
716 4084 862 4151 maioris
885 4084 970 4150 ville
998 4084 1154 4169 predicte
1178 4083 1336 4169 presenti
1357 4082 1517 4171 apposui.
1561 4083 1697 4151 Datum
1717 4083 1898 4152 Bristollie

392 4221 551 4306 predicte
577 4220 746 4288 vioesirno
774 4231 900 4288 octavo
927 4221 987 4288 die
1015 4223 1149 4290 mensis
1175 4222 1343 4308 Augusti,
1370 4241 1464 4288 anno
1489 4219 1591 4310 regni
1613 4221 1729 4308 Regis
1750 4221 1898 4288 Ricardi

394 4358 541 4426 secundi
568 4368 651 4444 post
678 4368 910 4445 conquestum
937 4358 1072 4446 Anglie
1100 4359 1320 4428 duodecimo.
1375 4357 1508 4451 [138⁸]

525 4629 696 4696 Mandata
717 4623 807 4696 from
829 4629 990 4698 Richard
1010 4629 1060 4698 11.
1082 4641 1123 4700 to
1141 4633 1199 4698 bis
1219 4631 1317 4699 chief
1332 4633 1458 4715 butler,
1482 4632 1531 4698 all
1558 4631 1716 4712 Sheriffs,
1739 4631 1896 4720 Maycrs,

394 4765 545 4846 Bailiffs,
567 4767 778 4847 merobants,
800 4767 983 4847 mariners,
1004 4777 1083 4849 etc,
1104 4767 1159 4836 for
1179 4772 1241 4836 the
1261 4771 1331 4836 due
1349 4771 1565 4837 observance
1584 4768 1626 4836 of
1645 4770 1706 4835 the
1724 4769 1898 4856 privilege

394 4904 546 4989 granted
574 4912 613 4969 to
641 4904 702 4971 tlre
731 4915 826 4971 town
854 4902 896 4970 of
918 4904 1131 4987 Waterford,
1159 4907 1197 4972 in
1227 4907 1379 4986 lreland,
1406 4915 1443 4972 to
1462 4895 1544 4987 'wit
1566 4905 1644 4973 thet
1665 4924 1713 4972 no
1734 4915 1901 4990 stranger

394 5039 489 5105 shall
516 5040 607 5105 have
635 5059 659 5106 a
685 5039 779 5108 wine
806 5050 930 5108 tavern
956 5052 1083 5128 except
1111 5062 1159 5110 on
1187 5044 1299 5110 board
1329 5041 1420 5127 ship,
1446 5041 1518 5108 and
1554 5041 1633 5108 that
1668 5042 1729 5108 the
1764 5039 1899 5127 King’s
