4975 6309
580 784 650 857 214
919 759 1016 852 ubo
1040 759 1179 852 little
1203 759 1302 850 rtet
1325 758 1456 849 Book
1479 756 1531 847 oi
1551 757 1740 849 eruut

577 970 765 1059 contigerit
793 972 982 1058 quominus
1005 972 1103 1041 horis
1131 971 1313 1041 meonicis
1339 970 1510 1039 interesse
1537 970 1596 1039 vel
1623 970 1771 1038 missam
1799 977 1839 1037 vt
1868 969 2086 1057 prmnittiurr

576 1106 706 1192 poterit
758 1108 945 1189 celebrare,
997 1108 1159 1177 volumus
1209 1117 1247 1175 et
1289 1106 1495 1175 ordinamus
1545 1106 1642 1193 quod
1691 1106 1803 1174 abusu
1853 1104 2086 1193 Capellam

575 1243 752 1329 ydoneum
782 1242 857 1311 suis
885 1243 1085 1331 sumptibus
1113 1244 1366 1311 inueniendum
1393 1242 1580 1329 presideat
1599 1242 1662 1329 qui
1682 1262 1792 1310 onera
1813 1243 1908 1310 dicte
1928 1244 2086 1311 cantaris

576 1380 822 1447 incumbencia
848 1390 886 1448 et
912 1380 1098 1469 potissime
1126 1380 1164 1447 in
1192 1380 1312 1447 missis
1340 1376 1562 1447 celebrandis
1589 1379 1716 1446 subeat
1743 1378 1782 1446 in
1812 1378 1977 1446 omnibus
2003 1380 2084 1449 loeo

576 1516 642 1583 sui.
687 1516 902 1585 ordinamus
930 1518 1075 1605 insuper
1101 1526 1139 1586 et
1168 1516 1356 1584 statuimus
1379 1516 1475 1603 quod
1504 1515 1624 1583 nullus
1650 1514 1788 1582 habens
1816 1514 1915 1581 aliud
1950 1512 2084 1581 bened·

576 1652 670 1719 cium
720 1671 800 1719 cum
850 1672 936 1720 cura
977 1654 1035 1721 vei
1079 1652 1156 1721 sine
1200 1672 1286 1719 cura
1328 1651 1376 1718 ad
1425 1651 1575 1717 eandem
1626 1648 1833 1719 Cmtariam
1882 1649 2083 1736 aliqualiter

577 1789 783 1855 admittatur
828 1790 941 1857 donec
983 1786 1192 1857 beneficium
1235 1788 1335 1875 prius
1377 1796 1572 1873 optentum,
1609 1806 1649 1853 re
1683 1796 1721 1855 et
1755 1785 1886 1867 verbis,
1921 1806 2010 1873 pure
2044 1796 2083 1853 et

576 1925 791 2012 simpliciter,
820 1924 987 1993 dimittat
1031 1925 1080 1992 Et
1109 1924 1141 1993 si
1171 1922 1387 2011 Capelianus
1414 1922 1509 1991 dicte
1536 1921 1704 1992 Canterie
1740 1924 1839 1991 aliud
1874 1923 2082 1993 beneficium

575 2058 851 2127 ecclesiasticum
895 2078 977 2127 cum
1013 2079 1099 2128 cura
1132 2061 1191 2127 vel
1226 2060 1306 2127 sine
1341 2078 1427 2127 cura
1462 2060 1709 2147 quodcumque
1746 2078 1812 2146 per
1854 2061 2084 2147 adepcionmu

427 2244 434 2261 .
479 2242 488 2258 .
574 2196 668 2262 dicte
697 2194 996 2265 Cantarieiuerit
1027 2204 1208 2265 assecutus
1236 2195 1355 2283 ipsam
1383 2194 1589 2265 Centuriam
1618 2196 1922 2283 quameoiacto
1956 2215 2084 2265 vacare

573 2351 758 2401 censemus
792 2332 951 2401 dimittat
979 2350 1018 2399 re
1045 2343 1083 2400 et
1111 2334 1229 2401 verbo.
1274 2330 1491 2400 Ordinamus
1525 2332 1671 2420 insuper
1699 2342 1737 2399 et
1766 2333 1957 2401 statuimus
1988 2336 2083 2420 quod

573 2468 787 2557 Capellanus
814 2478 1006 2557 perpetuus
1034 2469 1129 2537 dicte
1157 2468 1324 2537 Canterie
1351 2468 1415 2554 qui
1441 2486 1508 2555 pro
1536 2480 1696 2554 tempore
1723 2467 1831 2536 luerit
1859 2467 1951 2536 infra
1978 2470 2083 2555 quin·

572 2605 686 2673 decim
726 2606 804 2672 dies
842 2604 889 2672 ab
926 2604 1136 2673 inductione
1175 2624 1241 2671 sua
1279 2604 1319 2671 in
1357 2604 1576 2691 corporalem
1620 2604 1881 2690 possessionem
1923 2602 2081 2691 ejusdem

573 2738 740 2809 Cantarie
768 2740 1007 2809 numerandos
1039 2738 1278 2808 inuentarium
1314 2756 1421 2825 super
1454 2738 1621 2806 omnibus
1656 2738 1758 2807 libris
1793 2750 1831 2806 et
1864 2740 2083 2807 ornamentis

572 2874 619 2942 ed
647 2876 797 2942 eandem
827 2874 1025 2942 cantariam
1062 2874 1364 2960 qualitercumque
1400 2874 1656 2961 spectantibus,
1691 2885 1730 2942 et
1764 2896 1834 2961 que
1868 2874 2083 2945 sirfficiencia

573 3020 610 3077 et
638 3010 879 3097 competentia
907 3028 987 3077 esse
1015 3010 1179 3077 nouimus
1208 3010 1247 3075 in
1275 3007 1434 3095 presenti
1461 3009 1529 3077 sub
1557 3007 1655 3077 fideli
1679 3011 1883 3079 testimonio
1911 3011 2082 3081 conficere

572 3156 744 3229 teneatur,
774 3148 874 3233 cuius
901 3146 1092 3215 inuentarii
1126 3154 1265 3233 partem
1300 3164 1409 3212 ruam
1443 3165 1556 3232 penes
1591 3146 1762 3234 maiorem
1795 3147 1892 3216 dicte
1924 3148 2010 3217 ville
2043 3160 2082 3218 et

574 3282 682 3349 aliam
724 3301 835 3369 penes
878 3283 1029 3351 eundem
1072 3282 1298 3371 capellanum
1339 3280 1504 3349 volumus
1548 3302 1740 3351 remanere
1808 3282 2008 3353 Statuimus
2044 3296 2081 3354 et

547 3424 777 3493 'ordinamus
811 3425 907 3510 quod
942 3424 1092 3510 quilibet
1119 3422 1327 3509 capellanus
1353 3421 1449 3489 dicte
1476 3420 1634 3488 cantaria
1668 3440 1735 3487 suo
1766 3429 1925 3506 tempore
1958 3422 2080 3490 omnia

578 3560 698 3627 onera¹
712 3557 792 3651 [ad]
804 3560 1073 3643 emendandum,
1093 3568 1130 3627 et
1144 3557 1395 3627 inuenientium
1408 3556 1530 3640 libros,
1551 3556 1681 3624 calices
1701 3566 1738 3623 et
1758 3567 1967 3626 omamenta
1984 3536 2081 3627 dicte

574 3692 750 3778 Cantante,
780 3713 918 3762 necnon
946 3695 1181 3782 reparandum
1209 3705 1257 3776 et,
1287 3695 1320 3762 si
1340 3713 1485 3763 necesse
1512 3692 1627 3775 buerit,
1650 3692 1924 3760 commutandum
1944 3694 2081 3775 domos,

574 3831 705 3917 shopas
747 3830 969 3918 supradictas
1011 3832 1086 3899 suis
1129 3832 1329 3919 sumptibus
1370 3840 1542 3899 teneatur.
1610 3828 1661 3897 Et
1711 3830 1744 3897 si
1786 3828 1908 3897 forsan
1950 3831 2081 3918 aliquis

573 3968 835 4053 capellanorum
863 3966 958 4035 dicte
985 3966 1151 4036 Caritatis
1179 3988 1289 4035 onera
1315 3986 1381 4035 suo
1409 3975 1568 4053 tempore
1594 3984 1787 4054 agnoscere
1816 3967 2080 4053 pretermiserit,

574 4100 687 4187 ipsius
726 4112 932 4170 executores
972 4104 1004 4171 si
1044 4123 1134 4190 quos
1176 4102 1299 4172 iecerit
1336 4105 1395 4171 vel
1435 4103 1468 4171 si
1507 4102 1723 4171 abintesteto
1759 4102 1949 4171 <iusserit
1984 4106 2080 4172 bona

572 4236 686 4322 ipsius
709 4238 856 4304 mobilia
876 4238 923 4306 ed
945 4258 1243 4327 quorumcumque
1263 4258 1391 4306 manus
1412 4239 1619 4306 deuenerint
1640 4258 1710 4325 qne
1731 4238 1932 4326 speciffiter
1951 4238 1991 4305 in
2009 4238 2080 4307 bac

571 4380 676 4457 parte
718 4390 901 4441 censemus
940 4374 987 4440 ad
1026 4374 1200 4461 premissa
1236 4374 1427 4445 efficaciter
1463 4376 1635 4463 obligata,
1679 4376 1727 4443 ed
1773 4376 2079 4463 supportacionem
2186 4466 2191 4473 Δ

570 4528 721 4577 onemm
759 4510 962 4597 hujusmodi
1004 4511 1167 4580 volumus
1203 4512 1382 4601 distringi
1446 4512 1624 4581 Volumus
1658 4513 1772 4581 eciam
1805 4522 1841 4580 et
1876 4512 2081 4581 ordinamus

569 4646 671 4730 -quod
711 4645 927 4731 Capelianus
961 4647 1056 4715 dicte
1102 4648 1273 4717 Cantarie
1315 4649 1377 4734 qui
1418 4668 1484 4736 pro
1518 4660 1677 4735 tempore
1711 4648 1816 4715 uerit
1846 4648 2081 4735 parochiarum

577 4780 670 4847 dicte
698 4782 834 4866 capelle
860 4782 957 4850 beati
986 4782 1122 4851 Tbome
1150 4786 1197 4852 ad
1225 4793 1448 4851 sacramenta
1468 4784 1526 4850 vel
1548 4783 1818 4851 sacramentalia
1840 4783 2082 4851 ecdesiastica

572 4916 616 4981 in
655 4915 885 5000 prejudicium
927 4915 1050 4986 Cureti
1090 4920 1184 4988 dicte
1228 4920 1365 5007 capelle
1407 4921 1609 4988 amiatenus
1648 4918 1823 4985 admittat.
1887 4916 2082 4985 Vniuersas

571 5050 724 5137 insuper
750 5050 953 5119 oblaciones
981 5050 1071 5140 q'uas
1098 5055 1216 5141 ipsum
1245 5054 1337 5121 infra
1364 5054 1495 5122 dictam
1524 5056 1698 5143 capellam
1723 5054 2022 5141 qualitercumque
2042 5067 2079 5121 et

623 5190 2038 5264 ²uhtrednummulamueaenuemvtngmtmmo‘mmu’vumooemtnmmme
