4975 6309
733 720 830 810 cbo
857 719 995 812 little
1020 720 1118 811 “nco
1143 721 1272 813 boot
1297 726 1348 813 ot
1378 725 1564 816 nutstot
1831 720 1960 825 155'

219 1002 239 1052 r.
252 1000 313 1067 esa.
703 975 1131 1054 ORDINACIONES
1178 980 1599 1058 PARLIAMENTI.

526 1151 640 1217 Three
675 1160 831 1219 entracts
865 1151 956 1219 from
991 1153 1081 1221 Acts
1117 1154 1159 1221 of
1193 1154 1412 1224 Parliament
1447 1157 1652 1244 regulating
1688 1160 1749 1223 the
1786 1157 1901 1241 gains,

396 1297 463 1355 etc.
493 1287 534 1354 of
564 1288 777 1369 victuallers,
811 1290 892 1373 rstb
920 1299 1012 1358 cent.

231 1588 307 1640 m,
403 1546 662 1647 Confirmotzon
691 1552 729 1637 by
759 1550 891 1649 Hmty
917 1550 1004 1642 IV„
1039 1552 1086 1651 eff
1109 1553 1165 1626 the
1197 1552 1376 1651 Leoscby
1411 1554 1510 1648 Joon
1540 1556 1597 1629 lus
1630 1554 1748 1647 Quom
1776 1556 1823 1653 of
1846 1556 1902 1628 tte

398 1698 515 1775 Form
548 1700 673 1799 ‹fftlu
705 1710 797 1777 town
835 1702 883 1801 eff
912 1701 1063 1793 Brittol,
1102 1714 1136 1778 lo
1177 1705 1234 1779 the
1274 1704 1412 1803 Moyor
1441 1707 1521 1780 ond
1554 1704 1809 1804 Commonalty,
1833 1706 1905 1804 sor

673 1880 697 1927 a
731 1855 852 1929 rental
880 1854 927 1953 off
941 1856 1055 1951 ,5182
1097 1877 1146 1949 7s.
1190 1857 1286 1946 rod„
1324 1863 1347 1933 8
1385 1858 1481 1948 Feb„
1522 1880 1627 1951 1409.

90 1992 95 1995 ·
189 2066 235 2117 nr
252 2074 348 2114 mun
529 2036 716 2119 Henrious,
742 2038 812 2105 Dei
835 2040 966 2124 gracia,
987 2039 1073 2106 Rex
1096 2040 1242 2127 Angue,
1267 2040 1425 2121 Francis,
1451 2053 1488 2110 et
1516 2042 1692 2109 Dominus
1718 2042 1901 2122 Hibemie,

182 2139 358 2246 effrem
399 2171 574 2240 Omnibus
610 2175 656 2240 ad
695 2195 785 2259 quos
819 2184 1001 2261 presentes
1036 2178 1153 2243 littere
1192 2178 1416 2263 pervenerint
1455 2180 1617 2245 salutem.
1676 2180 1901 2265 Inspenimus

169 2268 375 2374 mmmmm
399 2313 546 2378 alteram
572 2320 708 2397 partem
733 2312 915 2379 cuiusdam
945 2312 1137 2379 Indenture
1159 2314 1252 2379 inter
1273 2315 1491 2380 carissimam
1518 2324 1718 2382 consortem
1742 2327 1900 2382 nostram

188 2398 347 2440 morou.
397 2449 608 2533 Johamnm,
653 2448 834 2535 Reginam
878 2450 1022 2535 Anglie,
1067 2470 1113 2515 ex
1156 2460 1258 2535 perte
1300 2472 1383 2531 una,
1429 2422 1465 2517 et
1503 2452 1703 2535 Johannem
1747 2452 1901 2527 Fissher‚

398 2587 571 2653 Maiorem
599 2586 684 2653 ville
708 2587 889 2653 Bristollie
913 2606 955 2653 ac
979 2585 1276 2654 Communitatem
1313 2588 1471 2655 eiusdem
1506 2589 1591 2654 ville
1620 2600 1656 2653 et
1685 2608 1903 2655 successores

398 2742 481 2790 suos
525 2724 571 2789 ed
610 2723 721 2789 vitam
757 2722 869 2809 ipsius
905 2724 1078 2791 consortis
1115 2735 1235 2791 nostre
1271 2744 1317 2789 ex
1353 2734 1455 2811 parte
1491 2727 1604 2791 altera
1639 2725 1731 2791 facte
1766 2724 1803 2790 in
1837 2727 1904 2791 hec

398 2864 506 2927 verba
520 2888 576 2925 :-

524 2999 698 3082 Johanna,
717 2997 787 3064 Dei
809 2999 939 3085 gracia,
957 2998 1102 3085 Regina
1122 2998 1257 3086 Anglie
1279 3008 1316 3065 et
1331 2998 1479 3064 Francis
1496 3007 1533 3063 et
1546 2998 1704 3065 Domina
1719 2998 1901 3076 Hibernie,

398 3134 573 3201 Omnibus
602 3136 648 3201 ad
677 3153 766 3221 quos
791 3144 973 3221 presentes
1001 3136 1116 3203 littere
1142 3136 1325 3202 indentate
1350 3135 1574 3220 pervenerint
1596 3136 1758 3202 salutem.
1814 3135 1903 3202 Cum

396 3272 706 3339 metuendissinrus
734 3271 910 3339 Dominus
939 3290 1038 3337 meus
1060 3272 1143 3339 Rex
1163 3292 1228 3357 per
1249 3272 1387 3338 litteras
1409 3292 1494 3337 suas
1514 3282 1678 3357 patentes
1700 3282 1826 3357 quarto
1845 3273 1904 3339 die

395 3410 493 3495 Junii
508 3431 602 3477 anno
617 3411 718 3499 regni
733 3412 788 3477 sui
802 3418 928 3497 querto
944 3407 1063 3501 [¹403]
1082 3410 1174 3476 inter
1188 3408 1260 3476 alia
1273 3411 1378 3476 nobis
1392 3410 1566 3477 concessit
1580 3410 1701 3477 omnia
1715 3411 1778 3475 illa
1791 3422 1903 3477 terras

398 3561 435 3615 et
472 3556 675 3615 tenementa
714 3558 750 3615 et
787 3550 841 3615 les
879 3548 1144 3615 fflessharnelles
1180 3567 1249 3632 que
1285 3546 1425 3613 fuerunt
1464 3548 1571 3613 Anne
1612 3567 1725 3632 nuper
1762 3548 1903 3633 Regine

398 3686 533 3772 Anglie
560 3686 599 3752 in
627 3686 714 3753 villa
743 3686 925 3753 Bristollia
957 3688 995 3752 in
1027 3688 1184 3752 valorem
1221 3684 1350 3771 viginti
1385 3684 1554 3749 librarum
1592 3703 1656 3768 per
1685 3702 1829 3762 annum,
1860 3702 1903 3750 ac

397 3822 536 3889 firmam
565 3833 706 3890 centum
741 3824 910 3891 librarum
946 3843 1010 3909 per
1038 3842 1170 3889 annum
1206 3821 1244 3887 in
1273 3821 1360 3886 villa
1395 3820 1579 3886 Bristollia
1612 3840 1692 3886 cum
1726 3820 1902 3902 domibus,

398 3961 531 4047 shopis,
554 3959 715 4047 congiis,
746 3961 866 4040 celdis,
896 3960 1004 4041 tostis,
1033 3958 1204 4046 gardinis,
1233 3957 1457 4038 molendinis,
1488 3957 1637 4043 stagnis,
1668 3968 1757 4043 tyna
1784 3958 1902 4037 castri,
2003 4038 2016 4053 θ

398 4094 604 4175 redditibus,
644 4094 857 4180 langabulis,
898 4090 1098 4169 theoloniis,
1141 4091 1293 4177 placitis,
1343 4092 1459 4170 curiis,
1505 4092 1613 4171 feriis,
1662 4093 1827 4159 mercatis
1867 4103 1904 4159 et

399 4231 563 4297 omnibus
591 4230 672 4296 eliis
705 4228 1023 4315 jurisdiccionibus,
1053 4230 1366 4295 consuetudinibus
1390 4238 1428 4295 et
1456 4206 1685 4313 pertinenciis
1709 4226 1794 4295 ville
1823 4247 1902 4313 pre·

399 4369 494 4434 dicte
519 4377 556 4433 et
581 4366 826 4434 suburbiorum
848 4367 1004 4433 eiusdem
1031 4386 1138 4451 quam
1164 4366 1281 4451 Major
1306 4377 1343 4433 et
1369 4366 1612 4435 communitas
1637 4366 1794 4433 eiusdem
1817 4366 1902 4432 ville

396 4504 555 4590 predicto
590 4502 878 4571 metuendissimo
907 4502 1050 4569 domino
1080 4522 1159 4570 meo
1189 4503 1286 4591 Regi
1315 4514 1351 4571 et
1386 4504 1576 4572 heredibus
1605 4503 1679 4569 suis
1716 4502 1901 4569 annuatim

396 4641 541 4707 reddere
576 4642 788 4707 tenebantur
822 4660 887 4726 pro
923 4642 1048 4707 eadem
1084 4640 1189 4716 vilia;
1228 4660 1335 4723 quam
1372 4640 1494 4706 villam
1523 4639 1688 4707 dominus
1724 4639 1902 4706 Ricardus

396 4796 508 4863 nuper
530 4776 615 4844 Rex
633 4777 769 4865 Anglie
790 4778 964 4846 secundus
983 4786 1065 4863 post
1085 4785 1316 4863 conquestum
1336 4777 1473 4843 decimo
1492 4786 1618 4843 octavo
1641 4777 1699 4843 die
1718 4776 1902 4843 Februarii

395 4934 489 5009 enno
504 4916 606 5003 regni
621 4916 676 4983 sui
690 4916 828 4984 decium
849 4926 975 4983 octavo
990 4911 1110 5005 [1395]
1124 4933 1189 4998 per
1202 4914 1340 4981 litteras
1354 4933 1438 4980 suas
1452 4924 1615 5000 patentes
1628 4915 1804 4982 commisit
1826 4915 1917 4993 sive,

399 5052 574 5119 concessit
602 5051 748 5138 prefatis
777 5053 907 5121 Maiori
930 5063 967 5120 et
997 5053 1263 5123 communitati.
1308 5053 1523 5121 Habendarn
1551 5063 1588 5119 et
1616 5055 1806 5119 tenendam
1830 5052 1900 5118 sibi
