4975 6309
739 752 837 842 obe
861 750 1001 841 little
1024 751 1122 841 πρὸ
1148 751 1276 842 Boot
1301 754 1351 842 ot
1382 753 1569 844 Bustot.
1834 779 1909 852 129

402 961 519 1046 legem
546 969 584 1028 et
610 963 899 1030 consuetudinem
927 962 1031 1050 regni
1058 964 1171 1030 nostri
1205 965 1339 1051 Anglie
1376 986 1418 1033 ac
1453 965 1601 1034 formem
1638 965 1903 1034 ordinacionum

401 1105 439 1165 et
466 1105 677 1164 statutorum
702 1099 947 1184 predictorum.
1006 1101 1154 1170 Proviso
1182 1087 1322 1190 semper
1349 1107 1444 1191 quod
1480 1107 1512 1172 si
1548 1125 1653 1172 cesus
1689 1103 1909 1172 difficultatis

402 1251 508 1318 super
536 1234 848 1302 ‘determioacione
889 1236 1130 1304 extorsionum
1173 1239 1375 1308 huiusmodi
1434 1262 1552 1309 coram
1610 1234 1713 1308 vobis
1763 1241 1909 1310 evenire

402 1367 590 1455 contigerit
621 1371 717 1455 quod
745 1372 791 1438 ad
823 1371 994 1458 judicium
1030 1373 1113 1440 inde
1148 1375 1365 1445 reddendum
1401 1379 1471 1445 nisi
1507 1378 1544 1443 in
1580 1377 1764 1463 presencia
1798 1377 1910 1444 unius-

401 1505 680 1589 Justiciariorum
708 1517 907 1576 nostrorum
929 1510 975 1576 de
996 1531 1068 1576 uno
1088 1512 1146 1578 vei
1167 1513 1280 1580 altero
1301 1516 1415 1581 banco
1436 1524 1499 1581 aut
1519 1513 1798 1598 Justioieriorum
1820 1533 1908 1580 nos·

403 1652 537 1708 trorum
558 1643 606 1710 ad
635 1644 770 1711 assises
801 1645 839 1711 in
870 1646 1040 1712 comitatu
1070 1648 1228 1732 predicto
1260 1652 1452 1738 capiendas
1487 1651 1747 1738 assignatorum
1785 1669 1909 1716 ocrem

401 1785 505 1852 vobis
518 1783 664 1850 minime
677 1781 896 1867 procedetur.
940 1781 989 1850 Et
1002 1782 1083 1849 ideo
1096 1787 1198 1853 vobis
1211 1796 1248 1853 et
1259 1787 1404 1853 cuilibet
1417 1795 1571 1852 vestrum
1586 1784 1795 1852 mandamus
1810 1786 1907 1872 quod·

403 1920 497 1988 circa
523 1919 721 1986 custodiam
749 1918 850 2004 pacis
878 1928 915 1986 et
940 1927 1151 1988 statutorum
1179 1922 1416 2007 predictorum
1444 1922 1634 2008 diligenter
1654 1921 1848 1990 intendatis
1867 1932 1905 1989 et

402 2057 448 2124 ad
477 2065 592 2123 cenos
619 2056 696 2126 dies
720 2065 758 2121 et
778 2057 858 2122 loca
893 2076 984 2142 quos
1017 2076 1098 2124 vos-
1119 2077 1194 2138 sex,
1231 2059 1397 2146 quinque,
1434 2069 1595 2144 quatuor,
1632 2067 1704 2126 tres
1740 2059 1797 2126 vei
1834 2059 1909 2125 duo

400 2202 557 2260 vestrum
595 2193 643 2258 ad
678 2192 747 2258 boc
782 2191 1005 2278 provideritis
1036 2193 1290 2280 inquisiciones
1326 2216 1432 2282 super
1467 2196 1648 2282 premissis
1682 2195 1830 2276 faciatis,
1868 2203 1907 2262 et

402 2328 574 2415 premisse
607 2329 728 2394 omnia
763 2339 800 2396 et
835 2328 978 2415 singula
1013 2330 1168 2398 audietis
1203 2343 1239 2398 et
1269 2333 1476 2410 terminetis,
1506 2352 1550 2399 ec
1578 2333 1684 2399 modo
1712 2333 1832 2398 debito
1868 2341 1905 2399 et

402 2463 631 2532 effectualiter
652 2463 828 2550 expleatis
853 2465 892 2530 in
914 2464 1028 2531 forme
1048 2468 1224 2552 predicta;
1251 2469 1377 2537 facturi
1399 2435 1481 2536 inde
1502 2469 1598 2554 quod
1619 2469 1666 2534 ad
1686 2468 1909 2553 Justiciarios

402 2601 556 2686 pertinet
592 2600 786 2666 secundum
822 2601 941 2688 legem
970 2609 1007 2668 et
1035 2605 1323 2672 consuetudinem
1351 2605 1453 2692 regni
1481 2605 1593 2670 nostri
1623 2605 1767 2691 Anglie
1798 2605 1909 2672 salvis

402 2736 507 2805 nobis
542 2735 824 2804 amerciamentis
852 2746 888 2803 et
916 2737 998 2804 aliis
1033 2739 1080 2804 ad
1116 2761 1183 2809 nos
1215 2742 1299 2808 inde
1336 2740 1590 2825 spectantibus.
1657 2741 1907 2808 Mandavimus

403 2885 499 2948 enim
527 2881 724 2948 vicecomiti
749 2891 871 2948 nostro
900 2881 1089 2949 comitatus
1116 2878 1266 2965 predicti
1294 2879 1389 2964 quod
1418 2878 1465 2943 ed
1494 2887 1608 2944 certos
1644 2879 1721 2944 dies
1757 2886 1793 2944 et
1828 2879 1912 2946 loca

403 3038 493 3104 qnos
528 3037 593 3084 vos
628 3037 703 3098 sex,
732 3019 898 3104 quinque,
928 3027 1088 3104 quatuor,
1117 3023 1190 3082 tres
1217 3015 1276 3080 vel
1303 3016 1374 3080 duo
1403 3023 1557 3080 vestrum
1587 3013 1621 3079 ei
1653 3013 1741 3080 scire
1769 3013 1911 3081 faciatis

403 3154 533 3234 venire,
556 3155 677 3222 venire
698 3153 806 3222 faciat
827 3175 946 3222 coram
967 3155 1071 3221 vobis
1092 3173 1167 3233 sex,
1188 3152 1354 3238 quinque,
1377 3159 1537 3236 quatuor,
1561 3149 1673 3217 tribus
1694 3152 1752 3217 vel
1771 3152 1908 3218 duobus

403 3301 559 3358 vesuom
589 3300 643 3359 tot
668 3301 705 3358 et
728 3293 820 3358 tales
849 3293 979 3378 probos
1008 3299 1044 3358 et
1071 3290 1208 3376 legales
1236 3289 1398 3355 homines
1427 3289 1471 3354 de
1492 3287 1627 3355 balliva
1648 3307 1714 3352 sue
1734 3305 1799 3370 per
1819 3307 1911 3372 quos

400 3428 453 3494 rei
487 3429 619 3496 veritas
653 3428 692 3493 in
733 3427 916 3512 premissis
951 3427 1078 3494 meiius
1113 3426 1195 3492 sciri
1230 3425 1360 3512 poterit
1396 3431 1432 3489 et
1460 3423 1600 3509 inquiri.
1645 3422 1689 3489 In
1719 3422 1819 3488 cuius
1856 3422 1907 3487 rei

401 3564 643 3631 testimonium
672 3566 739 3630 has
767 3564 904 3632 litteras
934 3571 1073 3630 nostras
1103 3560 1180 3628 fieri
1208 3560 1354 3628 fecimus
1382 3569 1557 3646 patentes.
1609 3558 1715 3624 Teste
1743 3579 1801 3625 me
1829 3559 1911 3644 ipso

402 3693 498 3778 apud
517 3691 872 3760 westmonasterium
893 3696 955 3782 viij
977 3697 1037 3765 die
1056 3697 1234 3764 ffebruarii
1256 3716 1350 3763 anno
1372 3695 1474 3782 regni
1495 3694 1607 3761 nostri
1629 3713 1725 3760 nono
1746 3690 1876 3783 [1386].

314 4000 321 4013 .
402 3941 660 4041 Appointment
714 3940 762 4039 os
808 3970 831 4016 a
894 3943 1122 4022 Commisssbn
1183 3957 1218 4022 to
1278 3947 1378 4022 make
1437 3945 1645 4044 inquisition
1704 3944 1914 4040 comcrning

403 4083 614 4160 Marciants
654 4084 731 4159 who
781 4088 861 4160 take
913 4087 1009 4162 tkez'r
1055 4089 1164 4188 ships·
1202 4091 1315 4164 inside
1368 4089 1424 4162 tte
1473 4084 1667 4173 Flatholm,
1714 4105 1757 4175 23
1810 4082 1906 4169 Iob..

913 4253 958 4304 10
1007 4230 1087 4306 Ric.
1140 4231 1199 4327 II.¹
1251 4227 1395 4331 [1387]

447 4390 636 4471 Ricardus,
645 4391 715 4458 Dei
728 4392 957 4477 greciuRex
971 4395 1106 4482 Anglie
1250 4395 1420 4473 Richard,
1450 4396 1500 4480 by
1529 4394 1591 4459 the
1619 4411 1724 4478 grace
1751 4391 1791 4457 of
1815 4389 1906 4470 God,

402 4535 440 4594 et
468 4526 618 4594 Francis
646 4537 682 4594 et
712 4527 889 4595 Dominus
921 4531 1104 4613 Hibernis,

402 4661 543 4729 dilectis
563 4662 634 4728 sibi
654 4664 780 4729 maiori
801 4664 886 4732 ville
911 4666 1102 4747 Bristollie,

402 4797 539 4866 Thome
628 4799 834 4887 Beeupeny,
914 4802 1104 4871 „Willelmo

403 4933 566 5021 Cenyng,
580 4933 735 5017 Johanni
751 4935 945 5017 Candeuer‚
968 4937 1104 5005 Tbome

401 5069 524 5150 Mulie,
563 5072 729 5146 seruienti
759 5081 881 5139 nostro
916 5075 963 5140 ad
993 5095 1102 5188 arma,

1204 4530 1309 4617 King
1353 4531 1394 4598 of
1432 4530 1600 4617 Englend
1644 4529 1715 4594 end
1759 4527 1906 4609 France‚

1203 4667 1276 4732 and
1324 4666 1418 4733 Lord
1469 4665 1510 4732 of
1555 4665 1708 4745 Irelend,
1761 4673 1799 4729 to
1848 4663 1909 4729 bis

1202 4803 1352 4870 beloved
1384 4805 1445 4868 the
1482 4821 1605 4888 mayor
1641 4799 1682 4867 os
1713 4802 1774 4867 the
1811 4809 1906 4866 town

1202 4938 1243 5006 of
1282 4939 1425 5017 Bristol‚
1485 4938 1642 5003 Thomas
1698 4936 1906 5020 Beaupeny,

1200 5075 1363 5142 William
1395 5075 1559 5162 Canyng,
1585 5074 1678 5158 John
1710 5072 1905 5148 Candever,

1787 5197 1817 5246 K
