4975 6309
735 670 833 763 libe
857 668 995 759 little
1020 669 1119 758 ileo
1144 668 1273 760 boon
1298 671 1349 760 ot
1379 671 1568 761 nmtol.

802 880 858 973 [T
850 882 892 949 he
905 882 995 949 three
1008 884 1093 947 next
1103 882 1225 949 mtrzis
1238 903 1297 949 ore
1309 881 1504 974 addeum}

398 994 454 1061 De
479 994 639 1062 waltero
668 994 864 1080 Frompton
888 1015 953 1080 pro
975 994 1104 1061 celario
1126 1015 1172 1060 ex
1194 990 1392 1084 op[p]osito
1413 995 1561 1061 ecclesie

485 1134 608 1191 sancte
622 1122 808 1190 Trinitatis
840 1170 1559 1190 ......

396 1250 629 1318 DeWaltero
648 1251 773 1339 Derby
787 1271 852 1338 pro
873 1251 1001 1318 celerio
1017 1252 1117 1318 iuxta
1136 1272 1275 1318 crucem
1407 1304 1416 1320 .
1549 1304 1557 1319 .

394 1380 837 1467 DeJohanneStokepro
853 1382 1135 1449 venellavocate
1151 1382 1336 1451 Shitelane
1409 1428 1418 1449 .
1551 1430 1560 1446 .

570 1510 646 1577 The
662 1511 774 1577 above
788 1510 903 1577 rental
917 1531 993 1578 was
1007 1512 1128 1577 drawn
1144 1532 1192 1596 up
1207 1510 1283 1577 circ.
1303 1531 1396 1593 ¹³50·
1433 1511 1511 1577 ibe
1525 1511 1737 1578 corrections
1752 1512 1907 1579 indicate

481 1641 543 1705 the
564 1640 722 1725 changes
745 1640 825 1705 that
849 1640 922 1705 had
943 1639 1052 1704 taken
1072 1639 1174 1723 place
1195 1648 1362 1726 emongst
1384 1639 1445 1705 the
1471 1648 1614 1706 tenants
1638 1659 1687 1706 on
1708 1660 1731 1705 a
1752 1642 1906 1708 revision

483 1766 524 1833 of
539 1767 600 1833 the
619 1768 734 1834 rental
755 1787 778 1832 a
799 1767 891 1833 little
910 1767 1010 1833 later.
1154 1774 1155 1777 ’

416 2001 699 2079 RENTALE
740 2002 826 2079 DE
867 2002 1061 2080 FEODO
1101 2002 1358 2094 ARTHUR,
1401 2005 1489 2080 ET
1526 2006 1885 2083 STAKEPENY.
1940 2018 2065 2068 ΚΜ
2083 2028 2122 2067 01

1940 2092 2122 2133 mmo!

967 2156 1052 2248 14th
1091 2160 1338 2227 CENTURY.
1929 2148 2133 2207 Anmunnm

1941 2213 2124 2264 summ.

396 2302 452 2369 De
467 2302 529 2369 illo
544 2311 745 2371 tenemento
760 2322 838 2369 cum
854 2303 1082 2390 pertinenciis
1093 2304 1223 2369 situeto
1235 2306 1272 2369 in
1283 2306 1362 2372 vico
1372 2304 1557 2373 fullonuml

481 2431 574 2497 inter
598 2438 838 2497 tenementum
863 2431 1037 2513 Jobannis
1062 2429 1185 2498 Douce
1214 2454 1261 2499 ex
1289 2444 1390 2519 parte
1420 2455 1492 2501 una
1520 2445 1556 2503 et

299 2636 317 2656 x
482 2567 723 2625 tenementum
739 2579 853 2646 nuper
864 2559 1037 2626 Willelmi
1054 2560 1217 2627 Randalf
1226 2582 1273 2627 ex
1287 2563 1399 2629 altera

286 2657 298 2671 '¹
394 2684 451 2753 De
475 2695 677 2753 tenemento
704 2687 835 2753 situato
861 2687 991 2753 ibidem
1018 2688 1112 2754 inter
1136 2697 1375 2756 tenementum
1400 2690 1556 2777 Agnetis

482 2834 551 2899 que
565 2812 631 2881 fuit
644 2834 735 2881 uxor
748 2814 921 2883 Willelmi
937 2815 1084 2904 Corteys
1099 2828 1134 2882 et
1150 2826 1389 2884 tenementum
1408 2819 1556 2886 Ricardi

480 2950 576 3015 dela
590 2948 734 3035 Ryvere
1842 2955 1900 3041 ijd.

315 3180 323 3195 ,
394 3083 451 3151 De
477 3094 678 3151 tenemento
704 3084 836 3153 situnto
861 3086 991 3154 ibidem
1015 3088 1108 3152 inter
1129 3096 1368 3159 tenementum
1382 3092 1556 3161 Willelmi

481 3222 646 3290 Randelf
662 3234 697 3292 et
712 3235 952 3294 tenementum
967 3228 1141 3311 Jobannis
1155 3229 1324 3297 Tumbrel
1402 3278 1410 3295 .
1545 3280 1553 3295 .
1844 3230 1902 3296 κά.

394 3359 451 3426 De
479 3369 682 3429 tenemento
707 3362 838 3430 situato
868 3365 999 3433 ibidem
1029 3368 1122 3433 inter
1149 3378 1390 3434 tenementum
1419 3368 1555 3435 Thome

482 3497 626 3584 Tropyn
641 3510 678 3565 et
692 3508 932 3567 tenementum
948 3502 1082 3569 Th0me
1099 3503 1346 3593 Hemmynges
1404 3554 1414 3570 .
1546 3552 1554 3570 .
1817 3504 1902 3590 iiijd.

394 3632 452 3699 De
481 3643 682 3702 tenemento
710 3636 842 3704 situato
872 3638 1003 3705 ibidem
1029 3640 1122 3708 inter
1150 3651 1390 3708 tenementum
1419 3642 1556 3708 Tbome

484 3770 690 3859 Hemmyng
703 3783 740 3841 et
754 3783 991 3841 tenementum
1010 3776 1155 3845 Henrici
1171 3778 1357 3864 Shupman
1401 3829 1408 3846 .
1544 3828 1553 3844 .
1622 3778 1746 3863 jlibra
1759 3779 1903 3845 cumini.

396 3904 453 3974 De
477 3908 550 3974 illis
576 3909 715 3976 duobus
740 3912 952 3978 tenementis
978 3914 1108 3980 ibidem
1129 3935 1199 4000 que
1220 3914 1361 3982 fuerunt
1381 3915 1555 3999 Jobannis

481 4044 690 4131 Welyshote
719 4047 812 4115 inter
847 4059 1086 4117 tenementum
1127 4052 1301 4134 Jobannis
1344 4055 1379 4119 le
1421 4052 1555 4139 Whyte

482 4180 625 4248 taillour
644 4192 680 4249 et
698 4192 937 4253 tenementum
952 4185 1100 4253 Henrici
1120 4190 1154 4255 le
1177 4188 1363 4274 Shupman
1384 4208 1453 4274 que
1475 4209 1555 4273 pre·

482 4316 598 4383 dictus
613 4317 789 4385 Henricus
804 4321 918 4387 tenuit
932 4322 970 4388 in
983 4322 1087 4390 feodo
1118 4372 1126 4390 .
1260 4374 1268 4388 .

392 4451 450 4520 De
465 4454 528 4520 illo
542 4464 744 4522 tenemento
758 4457 891 4525 ibidem
905 4460 1000 4545 quod
1014 4460 1193 4546 quondam
1211 4460 1278 4526 fuit
1291 4460 1444 4527 Walteri
1466 4460 1553 4528 Cote

479 4588 572 4657 inter
594 4600 834 4661 tenementum
864 4593 1012 4661 Henrici
1038 4594 1224 4682 Shupmen
1253 4608 1290 4663 et
1314 4608 1552 4665 tenementum

482 4715 649 4805 Magistri
678 4718 880 4805 Hospitalis
909 4734 1030 4791 sancte
1060 4726 1232 4795 Keterine
1256 4729 1352 4814 quod
1376 4729 1556 4815 predictus

481 4844 659 4915 Henricus
673 4850 787 4917 tenuit
835 4898 844 4917 .
972 4890 976 4895 ι
977 4902 1555 4921 .....
1832 4853 1902 4939 vid.

1037 5025 1048 5058 ²
1060 5026 1160 5079 lucter
1170 5028 1265 5080 sneet.
