4975 6309
518 758 569 829 so
857 737 953 838 obe
977 744 1117 837 little
1141 744 1241 836 κω
1265 746 1395 836 tioott
1419 747 1470 838 oi
1500 747 1686 840 Bomoi.

517 984 582 1051 pro
611 962 711 1030 nulla
737 962 911 1030 habeatur
938 960 1009 1028 nisi
1036 961 1115 1046 ipse
1140 961 1204 1046 qui
1230 961 1415 1028 conuictus
1442 971 1498 1030 est
1518 965 1668 1032 excedat
1687 983 1768 1032 eum
1797 963 1861 1050 qui
1881 963 2028 1032 conuiu-

518 1097 1192 1183 oendusestinnumeroperduos
1227 1107 1338 1166 testes
1373 1099 1420 1166 ad
1455 1099 1955 1186 minusquieomuieiurs
1992 1110 2029 1168 et

518 1255 643 1304 omnes
670 1238 771 1324 leges
805 1253 945 1321 semper
980 1245 1184 1321 supponunt
1217 1235 1312 1302 bone
1345 1255 1411 1322 pro
1446 1239 1649 1305 tenentibus
1684 1246 1722 1305 et
1756 1235 2028 1305 defendentibus

518 1372 631 1440 donec
659 1389 781 1438 eorum
809 1379 924 1437 status
953 1368 1150 1437 infirmetur
1177 1390 1241 1436 seu
1270 1370 1484 1438 contrarium
1508 1373 1594 1441 boni
1619 1374 1665 1440 de
1687 1373 1822 1440 eisdem
1846 1375 2015 1460 probetur

519 1506 568 1574 Et
617 1504 799 1572 sciendum
833 1505 930 1590 quod
969 1505 1119 1572 attincte
1157 1505 1196 1571 in
1233 1505 1316 1572 istis
1350 1505 1492 1593 legibus
1533 1507 1753 1574 mercatoriis
1792 1527 1865 1575 uon
1908 1517 2028 1594 potest

518 1644 680 1714 inchoari
718 1661 782 1730 pet
823 1651 1040 1710 attumatum
1082 1651 1138 1709 set
1182 1651 1323 1728 oportet
1367 1644 1462 1730 quod
1505 1644 1568 1712 ille
1610 1643 1672 1730 qui
1721 1644 1800 1711 vult
1841 1643 2029 1712 attinctem

518 1781 684 1868 prosequi
705 1781 754 1846 sit
781 1779 820 1846 in
848 1779 994 1867 propria
1021 1797 1176 1864 persona
1204 1799 1271 1846 sue
1301 1779 1339 1845 in
1369 1778 1477 1848 Curio
1512 1782 1656 1867 quondo
1684 1780 1808 1848 vcdiet
1842 1781 2029 1849 attinctam

517 1917 617 1986 illam
654 1926 802 2004 propter
834 1915 1072 1982 iuramentum
1109 1917 1292 2002 corporale
1331 1917 1426 2003 quod
1466 1917 1543 2004 ipse
1585 1917 1781 2004 prostituas
1821 1928 1889 1986 eet.
1955 1919 2029 1988 Sed

518 2057 637 2142 quoad
672 2055 764 2122 alios
798 2053 877 2121 dies
912 2055 1003 2121 bene
1038 2062 1159 2140 potest
1188 2052 1356 2139 prosequi
1383 2071 1449 2138 per
1484 2062 1712 2121 attornatum.
1756 2052 1805 2122 Et
1840 2054 1872 2120 si
1908 2065 2029 2141 partes

518 2192 701 2260 nominent
728 2200 841 2258 testes
868 2190 1008 2275 aliquos
1042 2189 1105 2275 qui
1138 2190 1254 2256 nolint
1290 2189 1405 2276 gratis
1440 2209 1522 2256 cum
1558 2189 1693 2257 eisdem
1728 2191 1850 2258 venire
1886 2201 1924 2258 et
1955 2191 2030 2258 sint

518 2328 763 2416 distringibles
790 2325 884 2395 infre
910 2327 1051 2394 bundas
1079 2325 1236 2404 mercati,
1267 2323 1527 2412 distringantur
1555 2335 1640 2394 tunc
1672 2326 1720 2394 ed
1748 2327 1963 2394 veniendum
1989 2337 2030 2396 vt

517 2465 715 2552 predictam
758 2474 814 2532 est
856 2463 1039 2550 superius·
1056 2463 1102 2528 de
1144 2461 1347 2529 huiusmodi
1385 2461 1538 2530 testibus
1573 2463 1732 2550 capitulo
1767 2464 1801 2549 vj
1839 2461 1879 2529 ds
1913 2461 2033 2530 deitit's

517 2603 751 2694 recuperandae
777 2602 851 2672 stne
878 2603 998 2690 omitto
1024 2605 1059 2669 ct
1083 2601 1192 2668 tallia.
1235 2599 1286 2668 Et
1313 2599 1346 2668 si
1375 2599 1561 2667 nominent
1582 2599 1721 2686 aliquos
1742 2609 1853 2668 testes
1874 2599 1936 2686 qui
1958 2619 2031 2668 non

520 2741 592 2810 ent
620 2740 878 2829 mensiune
908 2760 971 2827 per
1002 2738 1145 2807 curtam
1181 2738 1281 2805 mam
1317 2745 1354 2804 et
1379 2700 1506 2804 'iuram
1540 2736 1652 2802 vent
1692 2737 1788 2823 quoe
1827 2745 1938 2803 esses
1977 2735 2031 2804 uu

516 2889 601 2948 sunt
635 2879 707 2946 sibi
740 2878 932 2946 necessarii
956 2875 1230 2944 tunc-habeant
1254 2875 1349 2941 diem
1385 2875 1432 2940 ad
1468 2873 1714 2940 adducendum
1750 2871 1832 2940 illos
1861 2872 1908 2939 ad
1943 2872 2029 2957 vjss·

518 3017 719 3102 proximem
747 3015 891 3084 Curiam
926 3016 984 3082 vel
1019 3013 1119 3094 citra,
1156 3031 1226 3098 que
1262 3009 1392 3078 dilacio
1428 3027 1568 3096 semper
1604 3008 1807 3076 conceditur
1849 3009 2030 3095 duplicata

518 3173 627 3239 supra
666 3153 783 3239 prime
820 3151 1022 3218 adduxione
1056 3149 1170 3235 prime
1209 3155 1307 3214 secte
1348 3155 1493 3232 propter
1528 3143 1771 3212 difficultatem
1808 3144 1957 3212 attincte
1992 3154 2030 3212 et

518 3291 632 3357 eciem
661 3286 901 3355 defensionem
930 3295 1054 3353 contra
1082 3287 1242 3354 eandem.
1287 3284 1335 3350 Et
1371 3283 1443 3351 nisi
1478 3283 1731 3352 conuinciones
1765 3283 1957 3352 defendent
1990 3284 2028 3350 in

518 3421 633 3490 forme
673 3421 837 3507 predicta
879 3421 970 3488 citra
1012 3420 1113 3488 illem
1155 3422 1240 3506 vjffl
1284 3420 1428 3490 Curiam
1455 3421 1513 3488 vel
1547 3421 1594 3488 ed
1631 3421 1731 3488 illem
1767 3420 1853 3507 vim
1896 3420 2030 3488 curium

520 3542 746 3640 conuinoer‘it,
762 3557 917 3626 ¹recedat
948 3557 1145 3626 defendens
1168 3566 1206 3624 et
1230 3577 1297 3624 sua
1332 3557 1449 3644 prima
1477 3565 1576 3624 secta
1614 3557 1662 3622 eb
1698 3557 1763 3624 ille
1797 3556 2032 3624 conuincioue

521 3696 781 3780 imperpetuum
830 3693 942 3779 quieti
988 3703 1025 3760 et
1072 3695 1292 3762 adducentur
1327 3691 1424 3780 perti
1462 3689 1665 3760 defendenti
1701 3691 1787 3777 quie
1833 3693 1881 3758 ab
1924 3689 2030 3758 inicio
2122 3689 2124 3694 ’

520 3831 645 3918 pocius
666 3831 734 3898 fuit
762 3839 862 3897 actor
885 3851 993 3915 quam
1018 3830 1182 3898 defensor
1205 3831 1364 3917 dampna
1386 3840 1422 3896 et
1443 3849 1601 3915 expense
1626 3849 1701 3910 sue,
1722 3828 1847 3896 hebito
1868 3835 2031 3916 respectu

522 3969 568 4034 ed
592 3987 720 4046 moras,
749 3967 953 4047 dilaciones,
982 3967 1273 4053 impedimentum
1301 3966 1408 4053 primi
1442 3967 1564 4034 iudicii
1592 3976 1629 4034 et
1664 3966 1737 4034 alie
1773 3966 1963 4052 dispendia
1993 3975 2032 4033 et

522 4103 747 4171 incommoda
774 4122 844 4188 que
868 4102 1036 4170 sustinuit
1072 4105 1259 4171 occasione
1294 4103 1434 4172 illorum
1470 4104 1681 4190 placitorum
1710 4105 1758 4171 ab
1784 4102 1892 4170 inicio
1919 4121 2031 4189 usque

523 4241 571 4309 ad
594 4241 690 4307 diem
719 4259 790 4326 quo
817 4250 998 4326 receperat
1023 4241 1083 4308 vel
1107 4240 1177 4307 sibi
1205 4241 1251 4306 de
1278 4237 1406 4305 ultimo
1434 4237 1654 4306 namucum
1688 4237 1813 4306 fueret.

734 4495 820 4574 DE
872 4493 1196 4572 SCRIBENDO
1244 4495 1332 4572 AD
1379 4492 1558 4570 ALIAS
1610 4493 1823 4572 CURIAS.

654 4665 744 4736 Cum
773 4667 867 4734 inter
892 4675 1013 4752 partes
1040 4674 1228 4734 moueatur
1255 4666 1425 4753 placitum
1454 4665 1493 4734 in
1522 4663 1629 4735 Curia
1657 4664 1868 4732 mercatoria
1895 4673 1933 4730 et
1960 4681 2033 4730 vua

522 4823 608 4890 pm
635 4814 761 4872 conus
787 4806 896 4872 sliam
924 4805 1130 4890 replicando
1156 4805 1215 4872 vel
1242 4803 1453 4890 excipiendo
1481 4803 1578 4870 dicet
1605 4803 1701 4889 quod
1723 4803 1814 4869 elius
1835 4802 1881 4868 de
1908 4800 2033 4867 eadem

522 4959 563 5008 re
583 4939 652 5009 fuit
678 4942 849 5027 placitum
871 4953 1006 5010 motum
1029 4941 1122 5008 inter
1142 4941 1241 5028 ipsos
1261 4941 1405 5007 easdem
1433 4957 1605 5026 personas
1625 4939 1663 5005 in
1685 4937 1840 5006 Ciuitate
1860 4935 2033 5024 Wyntom

524 5078 583 5144 vel
618 5077 657 5143 in
691 5075 781 5145 feuia
814 5077 940 5146 Sancti
975 5077 1108 5166 Egidii,
1137 5077 1322 5164 wynton,
1350 5076 1408 5143 vel
1437 5075 1476 5141 in
1503 5075 1592 5143 villa
1619 5069 1891 5164 Suth[antonie]
1917 5081 1954 5138 et
1981 5073 2035 5140 sic
