4975 6309
796 759 894 852 oue
916 757 1056 849 nutu
1080 721 1178 848 'tres
1205 760 1624 853 moreremur
1887 792 1964 867 229

453 972 634 1059 percipere
660 982 699 1041 et
725 974 856 1042 habere
884 973 1024 1061 possint
1052 974 1098 1041 de
1126 974 1240 1057 terris,
1270 976 1493 1057 tenementis,
1528 982 1822 1065 possessionibus,
1854 983 1965 1053 bonis

453 1119 489 1177 et
519 1110 658 1178 catallis
687 1111 877 1179 eorundem
906 1110 1090 1178 homiuum
1118 1122 1155 1177 et
1184 1112 1385 1179 tenentium
1414 1112 1492 1180 sine
1516 1116 1703 1184 occasione
1726 1118 1784 1185 vel
1810 1118 1961 1204 impedi-

454 1258 575 1316 mento
603 1248 716 1317 nostri
744 1248 801 1317 vel
835 1248 1003 1316 heredum
1040 1256 1238 1315 nostrorum
1275 1259 1338 1315 aut
1373 1248 1586 1319 balliuorum
1622 1272 1686 1321 ssu
1721 1254 1964 1323 ministrorum

455 1395 653 1453 nonnosum
690 1405 999 1473 quorumcumque.
1058 1385 1107 1453 Et
1142 1388 1237 1472 quod
1273 1386 1381 1455 iidem
1417 1388 1536 1473 Major
1570 1398 1608 1455 et
1643 1388 1888 1459 communitas
1923 1405 1962 1461 et

455 1544 674 1593 successores
714 1524 780 1604 sui,
815 1526 965 1592 durante
1009 1524 1159 1591 termino
1189 1523 1361 1609 predicto,
1397 1523 1560 1591 similiter
1595 1528 1753 1597 habeant
1787 1529 1827 1595 in
1863 1529 1965 1609 villa,

455 1662 635 1742 comitam,
665 1662 854 1743 suburbiis,
883 1662 996 1741 terris,
1033 1659 1256 1741 tenementis,
1292 1659 1407 1729 feodis
1439 1670 1476 1728 et
1504 1661 1593 1729 locis
1621 1662 1801 1748 predictis,
1832 1660 1958 1731 Castro

454 1808 491 1866 et
511 1798 656 1865 fossatis
676 1798 835 1885 ejusdem
860 1800 1029 1885 exceptis,
1056 1799 1186 1865 catalla
1206 1796 1373 1877 felonum,
1393 1807 1431 1865 et
1448 1796 1690 1885 fugitiuorum,
1710 1800 1959 1887 vtlegatorum,

454 1936 725 2019 dampnatorum
763 1944 800 2001 et
839 1934 1002 2015 wauiata,
1047 1935 1105 2001 Ita
1147 1934 1242 2021 quod
1282 1935 1314 2001 si
1351 1934 1432 2019 quis
1467 1934 1651 2005 hominum
1687 1948 1724 2005 et
1759 1938 1963 2007 tenencium

454 2070 690 2157 predictorum
719 2080 781 2138 aut
808 2070 870 2138 alii
899 2071 937 2137 in
966 2070 1063 2150 villa,
1092 2068 1272 2150 comitatu,
1309 2069 1497 2147 suburbiis,
1533 2070 1646 2140 feodis
1681 2082 1719 2139 et
1754 2072 1854 2140 locis¹
1880 2093 1960 2159 pre-

454 2208 569 2287 dictis,
599 2208 757 2293 exceptis
785 2209 1018 2293 preexceptis,
1047 2227 1113 2293 pro
1134 2207 1265 2273 delicto
1290 2226 1356 2273 suo
1376 2207 1488 2273 vitam
1509 2208 1567 2275 vel
1588 2210 1785 2277 membrum
1806 2211 1962 2277 debeant

455 2344 616 2411 amittere
644 2346 702 2411 vel
733 2344 890 2433 hugerint
925 2353 961 2413 et
994 2344 1127 2430 judicio
1163 2354 1258 2411 stare
1294 2344 1496 2424 noluerint,¹
1529 2347 1588 2412 vel
1620 2344 1764 2431 aliquod
1792 2346 1958 2413 delictum

453 2482 600 2550 iecerint
628 2502 694 2567 pro
722 2502 794 2569 quo
822 2483 953 2551 catalla
981 2483 1204 2549 suadebant
1240 2481 1387 2567 perdere
1422 2474 1634 2568 ubicumque
1662 2482 1708 2549 de
1735 2483 1789 2549 eis
1816 2482 1963 2568 justicia

452 2618 529 2687 fieri
557 2622 696 2703 debeat,
727 2620 802 2687 siue
831 2619 869 2684 in
899 2617 1006 2686 Curia
1034 2625 1156 2683 nostre
1183 2617 1241 2682 vel
1268 2616 1437 2684 heredum
1469 2627 1680 2696 nostrorum,
1709 2636 1828 2684 coram
1855 2618 1964 2685 nobis

453 2766 489 2825 et
526 2758 714 2825 heredibus
751 2758 881 2825 nostris
926 2777 989 2823 seu
1037 2774 1154 2821 coram
1196 2752 1409 2837 Justiciariis
1450 2767 1488 2821 et
1528 2754 1701 2823 ministris
1728 2754 1868 2821 nostris
1902 2756 1963 2822 vel

453 2896 621 2964 heredum
650 2904 849 2965 nostrorum
877 2890 1154 2978 quibuscumque
1191 2888 1403 2975 supradictis
1438 2890 1515 2957 siue
1550 2889 1589 2956 in
1625 2890 1707 2958 aliis
1741 2892 1849 2957 curiis
1885 2891 1958 2959 sint

454 3031 534 3117 spsa
572 3032 703 3098 catana
742 3030 835 3097 infra
873 3029 969 3095 ricta
1011 3026 1145 3105 vinam,
1190 3026 1407 3104 coetuum,
1451 3026 1621 3093 mensu
1659 3040 1696 3096 et
1738 3030 1962 3117 procreem
2022 3002 2025 3006 ’

454 3168 648 3235 existencia
687 3170 844 3255 ipsorum
883 3164 1028 3250 majoris
1068 3174 1104 3230 et
1142 3162 1406 3229 communitatis
1443 3172 1480 3229 et
1519 3182 1760 3233 successorum
1804 3186 1962 3247 suorum,

453 3307 604 3373 durante
648 3306 799 3374 termino
843 3304 1012 3391 predicto.
1081 3300 1129 3367 Et
1169 3300 1276 3369 liceat
1318 3301 1490 3369 ministris
1529 3302 1686 3387 ipsorum
1731 3302 1880 3389 Majoris
1923 3313 1965 3371 et

454 3439 726 3509 communitatis
747 3451 783 3509 et
805 3460 1043 3508 successorum
1066 3460 1218 3518 suorum,
1235 3440 1385 3506 durante
1405 3438 1557 3509 termino
1579 3440 1652 3521 illo,
1675 3441 1753 3509 sine
1773 3444 1962 3511 occasione
1986 3458 1989 3463 ·

453 3578 510 3645 vel
539 3577 791 3663 impedimento
820 3578 933 3644 nostri
960 3578 1019 3643 vel
1047 3562 1215 3643 heredum
1246 3584 1446 3642 nostrorum
1474 3585 1538 3643 aut
1567 3576 1717 3644 aliorum
1748 3577 1965 3644 balliuorum

454 3734 517 3781 seu
538 3716 778 3783 ministrorum
803 3722 1002 3779 nostrorum
1027 3712 1085 3779 vel
1110 3712 1279 3778 heredum
1305 3720 1504 3779 nostrorum
1529 3731 1839 3797 quorumcumque,
1862 3712 1964 3797 ipsos

454 3850 627 3935 Maiorem
657 3861 693 3919 et
722 3848 1020 3918 communitatem
1050 3860 1085 3915 et
1114 3866 1335 3915 successores
1358 3867 1443 3915 suos
1462 3848 1501 3914 in
1523 3844 1726 3938 se[i]sinem
1751 3846 1965 3913 catellorum.

453 3986 593 4053 illorum
634 3988 681 4055 ed
721 4006 765 4053 ea
805 3986 843 4051 in
882 4004 1003 4052 eorum
1050 3983 1199 4069 Maioris
1242 3994 1279 4049 et
1323 3981 1597 4052 Communitatis
1639 3993 1676 4051 et
1719 4004 1965 4053 successorum

446 4099 594 4189 ''suorum
623 4144 725 4191 vsum
755 4133 791 4189 et
819 4120 1012 4209 proficuum
1041 4121 1227 4189 retinenda
1255 4126 1397 4207 ponere.
1455 4121 1504 4187 Et
1528 4123 1625 4207 quod
1649 4121 1757 4190 iidem
1782 4122 1900 4208 Major
1919 4133 1957 4190 et

453 4260 697 4328 Communitas
732 4272 769 4327 et
804 4278 1024 4327 successores
1059 4259 1115 4325 sui
1151 4267 1297 4326 teneant
1332 4258 1465 4325 dictam
1500 4258 1623 4325 villam
1662 4258 1840 4326 Bristollie
1876 4277 1963 4327 cum

454 4397 631 4464 suburbiis
659 4396 829 4483 ejusdem,
858 4403 1070 4475 tenemento,
1100 4394 1180 4461 loca
1208 4404 1246 4460 et
1277 4391 1382 4461 feoda
1417 4394 1577 4478 predicte
1612 4412 1832 4480 quecumque
1867 4390 1965 4460 infra

454 4536 671 4622 procinctum
701 4535 859 4620 ejusdem
888 4532 983 4614 ville,
1011 4550 1163 4599 unacum
1196 4528 1320 4615 firmis,
1349 4531 1525 4611 mercatis,
1556 4530 1669 4616 aquis,
1698 4528 1850 4615 ripariis,
1878 4528 1964 4609 viis,

453 4670 626 4756 piscariis,
649 4670 869 4749 communiis,
892 4668 1049 4748 assertis,
1071 4668 1193 4749 vestis,
1215 4668 1464 4754 purpresturis,
1485 4664 1642 4737 aceciam
1662 4665 1963 4746 arentacionibus,

454 4818 490 4875 et
511 4808 707 4875 redditibus
729 4825 1028 4893 quorumcumque
1045 4813 1272 4885 assertorum,
1294 4803 1487 4871 vastorum'
1498 4813 1536 4870 et
1553 4802 1872 4891 purpresbrrarum⁴
1884 4812 1964 4869 tam

284 4977 373 5043 tort.
454 4944 684 5033 temporibus⁶
704 4944 969 5031 progenitorum
992 4950 1190 5009 nostrorum
1212 4940 1392 5026 quondam
1413 4960 1540 5028 regum
1557 4940 1693 5027 Anglie
1706 4960 1814 5026 quam
1828 4939 1960 5007 nostris

489 5113 654 5168 ursum„
722 5114 957 5167 wammeh.
1024 5112 1212 5165 meme..
1278 5110 1562 5179 *mpnpmmu
1629 5103 1924 5181 ‘usnemu-use
