<?xml version="1.0" encoding="UTF-8"?>
<!DOCTYPE html PUBLIC "-//W3C//DTD XHTML 1.0 Transitional//EN"
    "http://www.w3.org/TR/xhtml1/DTD/xhtml1-transitional.dtd">
<html xmlns="http://www.w3.org/1999/xhtml" xml:lang="en" lang="en">
 <head>
  <title>
</title>
<meta http-equiv="Content-Type" content="text/html;charset=utf-8" />
  <meta name='ocr-system' content='tesseract 3.04.00' />
  <meta name='ocr-capabilities' content='ocr_page ocr_carea ocr_par ocr_line ocrx_word'/>
</head>
<body>
  <div class='ocr_page' id='page_1' title='image "./littleredbookbr00coungoog/littleredbookbr00coungoog_0267.png"; bbox 0 0 4975 6309; ppageno 0'>
   <div class='ocr_carea' id='block_1_1' title="bbox 742 774 1908 873">
    <p class='ocr_par' dir='ltr' id='par_1_1' title="bbox 742 774 1908 873">
     <span class='ocr_line' id='line_1_1' title="bbox 742 774 1908 873; baseline 0.005 -6"><span class='ocrx_word' id='word_1_1' title='bbox 742 776 838 867; x_wconf 69' lang='lat' dir='ltr'>doe</span> <span class='ocrx_word' id='word_1_2' title='bbox 862 774 1002 867; x_wconf 74' lang='lat' dir='ltr'>little</span> <span class='ocrx_word' id='word_1_3' title='bbox 1025 774 1123 866; x_wconf 76' lang='lat' dir='ltr'>ileo</span> <span class='ocrx_word' id='word_1_4' title='bbox 1148 776 1278 867; x_wconf 65' lang='lat' dir='ltr'>Boot</span> <span class='ocrx_word' id='word_1_5' title='bbox 1302 777 1353 867; x_wconf 82' lang='lat' dir='ltr'>of</span> <span class='ocrx_word' id='word_1_6' title='bbox 1382 778 1572 870; x_wconf 65' lang='lat' dir='ltr'>Bromi.</span> <span class='ocrx_word' id='word_1_7' title='bbox 1836 800 1908 873; x_wconf 80' lang='lat'>20³</span> 
     </span>
    </p>
   </div>
   <div class='ocr_carea' id='block_1_2' title="bbox 401 986 1927 5192">
    <p class='ocr_par' dir='ltr' id='par_1_2' title="bbox 401 986 1927 5192">
     <span class='ocr_line' id='line_1_2' title="bbox 403 986 1911 1079; baseline 0.001 -23"><span class='ocrx_word' id='word_1_8' title='bbox 403 986 594 1077; x_wconf 77' lang='lat' dir='ltr'>Episcopo,</span> <span class='ocrx_word' id='word_1_9' title='bbox 622 988 717 1057; x_wconf 90' lang='lat' dir='ltr'>dicte</span> <span class='ocrx_word' id='word_1_10' title='bbox 744 986 976 1057; x_wconf 76' lang='lat' dir='ltr'><strong>fraternitatis</strong></span> <span class='ocrx_word' id='word_1_11' title='bbox 1000 988 1173 1058; x_wconf 84' lang='lat' dir='ltr'>confratre</span> <span class='ocrx_word' id='word_1_12' title='bbox 1198 988 1358 1059; x_wconf 85' lang='lat' dir='ltr'>effectiue</span> <span class='ocrx_word' id='word_1_13' title='bbox 1380 993 1588 1079; x_wconf 81' lang='lat' dir='ltr'>approbata,</span> <span class='ocrx_word' id='word_1_14' title='bbox 1609 1000 1647 1058; x_wconf 90' lang='lat' dir='ltr'>et</span> <span class='ocrx_word' id='word_1_15' title='bbox 1667 1010 1733 1079; x_wconf 89' lang='lat' dir='ltr'>per</span> <span class='ocrx_word' id='word_1_16' title='bbox 1753 990 1911 1078; x_wconf 82' lang='lat' dir='ltr'>ejusdem</span> 
     </span>
     <span class='ocr_line' id='line_1_3' title="bbox 401 1122 1913 1216; baseline 0.002 -24"><span class='ocrx_word' id='word_1_17' title='bbox 401 1122 588 1192; x_wconf 87' lang='lat' dir='ltr'>consilium</span> <span class='ocrx_word' id='word_1_18' title='bbox 615 1133 653 1193; x_wconf 88' lang='lat' dir='ltr'>et</span> <span class='ocrx_word' id='word_1_19' title='bbox 680 1122 852 1191; x_wconf 76' lang='lat' dir='ltr'>armillum</span> <span class='ocrx_word' id='word_1_20' title='bbox 881 1144 904 1191; x_wconf 93' lang='lat' dir='ltr'>a</span> <span class='ocrx_word' id='word_1_21' title='bbox 932 1124 1077 1195; x_wconf 89' lang='lat' dir='ltr'>domino</span> <span class='ocrx_word' id='word_1_22' title='bbox 1104 1146 1200 1214; x_wconf 88' lang='lat' dir='ltr'>papa</span> <span class='ocrx_word' id='word_1_23' title='bbox 1228 1129 1459 1216; x_wconf 80' lang='lat' dir='ltr'>probabiliter</span> <span class='ocrx_word' id='word_1_24' title='bbox 1493 1126 1712 1210; x_wconf 85' lang='lat' dir='ltr'>confirmata,</span> <span class='ocrx_word' id='word_1_25' title='bbox 1740 1138 1845 1215; x_wconf 90' lang='lat' dir='ltr'>prout</span> <span class='ocrx_word' id='word_1_26' title='bbox 1873 1128 1913 1195; x_wconf 91' lang='lat' dir='ltr'>in</span> 
     </span>
     <span class='ocr_line' id='line_1_4' title="bbox 402 1263 1915 1356; baseline 0.001 -25"><span class='ocrx_word' id='word_1_27' title='bbox 402 1263 573 1351; x_wconf 87' lang='lat' dir='ltr'>rescripto</span> <span class='ocrx_word' id='word_1_28' title='bbox 615 1282 681 1333; x_wconf 91' lang='lat' dir='ltr'>suo</span> <span class='ocrx_word' id='word_1_29' title='bbox 722 1264 847 1353; x_wconf 89' lang='lat' dir='ltr'>papali</span> <span class='ocrx_word' id='word_1_30' title='bbox 889 1264 1025 1352; x_wconf 89' lang='lat' dir='ltr'>liquido</span> <span class='ocrx_word' id='word_1_31' title='bbox 1063 1267 1176 1356; x_wconf 88' lang='lat' dir='ltr'>liquet</span> <span class='ocrx_word' id='word_1_32' title='bbox 1212 1267 1426 1356; x_wconf 79' lang='lat' dir='ltr'>inspicienti,</span> <span class='ocrx_word' id='word_1_33' title='bbox 1466 1286 1573 1354; x_wconf 89' lang='lat' dir='ltr'>quam</span> <span class='ocrx_word' id='word_1_34' title='bbox 1611 1265 1712 1351; x_wconf 88' lang='lat' dir='ltr'>sequi</span> <span class='ocrx_word' id='word_1_35' title='bbox 1751 1274 1915 1333; x_wconf 70' lang='lat' dir='ltr'>mnentm</span> 
     </span>
     <span class='ocr_line' id='line_1_5' title="bbox 404 1399 1919 1490; baseline 0 -21"><span class='ocrx_word' id='word_1_36' title='bbox 404 1418 528 1469; x_wconf 86' lang='lat' dir='ltr'>omnes</span> <span class='ocrx_word' id='word_1_37' title='bbox 554 1400 689 1487; x_wconf 85' lang='lat' dir='ltr'>pariter</span> <span class='ocrx_word' id='word_1_38' title='bbox 714 1410 752 1468; x_wconf 90' lang='lat' dir='ltr'>et</span> <span class='ocrx_word' id='word_1_39' title='bbox 780 1399 967 1471; x_wconf 87' lang='lat' dir='ltr'>defendere</span> <span class='ocrx_word' id='word_1_40' title='bbox 994 1402 1057 1490; x_wconf 89' lang='lat' dir='ltr'>qui</span> <span class='ocrx_word' id='word_1_41' title='bbox 1085 1406 1133 1473; x_wconf 88' lang='lat' dir='ltr'>ad</span> <span class='ocrx_word' id='word_1_42' title='bbox 1160 1404 1293 1474; x_wconf 88' lang='lat' dir='ltr'>dictam</span> <span class='ocrx_word' id='word_1_43' title='bbox 1325 1403 1647 1473; x_wconf 77' lang='lat' dir='ltr'>confraternitatem</span> <span class='ocrx_word' id='word_1_44' title='bbox 1677 1410 1822 1490; x_wconf 88' lang='lat' dir='ltr'>propter</span> <span class='ocrx_word' id='word_1_45' title='bbox 1857 1400 1919 1480; x_wconf 90' lang='lat' dir='ltr'>sui</span> 
     </span>
     <span class='ocr_line' id='line_1_6' title="bbox 407 1536 1914 1628; baseline 0.001 -24"><span class='ocrx_word' id='word_1_46' title='bbox 407 1536 603 1605; x_wconf 86' lang='lat' dir='ltr'>bonitatem</span> <span class='ocrx_word' id='word_1_47' title='bbox 639 1538 795 1627; x_wconf 86' lang='lat' dir='ltr'>suscepti</span> <span class='ocrx_word' id='word_1_48' title='bbox 830 1538 960 1609; x_wconf 73' lang='lat' dir='ltr'>fuerint</span> <span class='ocrx_word' id='word_1_49' title='bbox 993 1542 1052 1609; x_wconf 86' lang='lat' dir='ltr'>vel</span> <span class='ocrx_word' id='word_1_50' title='bbox 1084 1542 1250 1619; x_wconf 82' lang='lat' dir='ltr'>admissi;</span> <span class='ocrx_word' id='word_1_51' title='bbox 1294 1544 1341 1608; x_wconf 88' lang='lat' dir='ltr'>ad</span> <span class='ocrx_word' id='word_1_52' title='bbox 1371 1542 1466 1628; x_wconf 88' lang='lat' dir='ltr'>quod</span> <span class='ocrx_word' id='word_1_53' title='bbox 1495 1538 1694 1608; x_wconf 86' lang='lat' dir='ltr'>faciendum</span> <span class='ocrx_word' id='word_1_54' title='bbox 1723 1548 1914 1626; x_wconf 88' lang='lat' dir='ltr'>antequam</span> 
     </span>
     <span class='ocr_line' id='line_1_7' title="bbox 408 1672 1916 1765; baseline 0.001 -25"><span class='ocrx_word' id='word_1_55' title='bbox 408 1674 455 1740; x_wconf 85' lang='lat' dir='ltr'>ad</span> <span class='ocrx_word' id='word_1_56' title='bbox 482 1673 615 1742; x_wconf 88' lang='lat' dir='ltr'>dictam</span> <span class='ocrx_word' id='word_1_57' title='bbox 644 1672 967 1744; x_wconf 75' lang='lat' dir='ltr'>constatemitatem</span> <span class='ocrx_word' id='word_1_58' title='bbox 1002 1676 1145 1765; x_wconf 89' lang='lat' dir='ltr'>penitus</span> <span class='ocrx_word' id='word_1_59' title='bbox 1181 1678 1415 1746; x_wconf 71' lang='lat' dir='ltr'>admittantm</span> <span class='ocrx_word' id='word_1_60' title='bbox 1449 1696 1573 1743; x_wconf 88' lang='lat' dir='ltr'>omnes</span> <span class='ocrx_word' id='word_1_61' title='bbox 1609 1684 1646 1743; x_wconf 88' lang='lat' dir='ltr'>et</span> <span class='ocrx_word' id='word_1_62' title='bbox 1681 1675 1815 1764; x_wconf 80' lang='lat' dir='ltr'>singull</span> <span class='ocrx_word' id='word_1_63' title='bbox 1851 1694 1916 1762; x_wconf 89' lang='lat' dir='ltr'>per</span> 
     </span>
     <span class='ocr_line' id='line_1_8' title="bbox 408 1808 1916 1912; baseline 0 -33"><span class='ocrx_word' id='word_1_64' title='bbox 408 1820 666 1879; x_wconf 87' lang='lat' dir='ltr'>sacramentum</span> <span class='ocrx_word' id='word_1_65' title='bbox 694 1808 933 1881; x_wconf 86' lang='lat' dir='ltr'>indifferenter</span> <span class='ocrx_word' id='word_1_66' title='bbox 955 1812 1208 1901; x_wconf 68' lang='lat' dir='ltr'>astringerem,</span> <span class='ocrx_word' id='word_1_67' title='bbox 1230 1814 1396 1883; x_wconf 84' lang='lat' dir='ltr'>videlicet</span> <span class='ocrx_word' id='word_1_68' title='bbox 1415 1814 1512 1912; x_wconf 87' lang='lat' dir='ltr'>quod</span> <span class='ocrx_word' id='word_1_69' title='bbox 1531 1812 1631 1881; x_wconf 89' lang='lat' dir='ltr'>omni</span> <span class='ocrx_word' id='word_1_70' title='bbox 1651 1810 1741 1880; x_wconf 87' lang='lat' dir='ltr'>feria</span> <span class='ocrx_word' id='word_1_71' title='bbox 1760 1812 1916 1880; x_wconf 86' lang='lat' dir='ltr'>secunda</span> 
     </span>
     <span class='ocr_line' id='line_1_9' title="bbox 408 1946 1918 2037; baseline 0 -24"><span class='ocrx_word' id='word_1_72' title='bbox 408 1946 447 2013; x_wconf 88' lang='lat' dir='ltr'>in</span> <span class='ocrx_word' id='word_1_73' title='bbox 479 1946 657 2035; x_wconf 87' lang='lat' dir='ltr'>principio</span> <span class='ocrx_word' id='word_1_74' title='bbox 693 1949 881 2037; x_wconf 83' lang='lat' dir='ltr'>cujuslibet</span> <span class='ocrx_word' id='word_1_75' title='bbox 916 1950 1050 2019; x_wconf 82' lang='lat' dir='ltr'>mensis</span> <span class='ocrx_word' id='word_1_76' title='bbox 1081 1952 1140 2019; x_wconf 87' lang='lat' dir='ltr'>vel</span> <span class='ocrx_word' id='word_1_77' title='bbox 1168 1948 1243 2018; x_wconf 91' lang='lat' dir='ltr'>alia</span> <span class='ocrx_word' id='word_1_78' title='bbox 1278 1949 1336 2016; x_wconf 89' lang='lat' dir='ltr'>die</span> <span class='ocrx_word' id='word_1_79' title='bbox 1372 1947 1588 2033; x_wconf 86' lang='lat' dir='ltr'>competenti</span> <span class='ocrx_word' id='word_1_80' title='bbox 1622 1966 1732 2035; x_wconf 87' lang='lat' dir='ltr'>quam</span> <span class='ocrx_word' id='word_1_81' title='bbox 1768 1947 1918 2033; x_wconf 81' lang='lat' dir='ltr'>elegerit</span> 
     </span>
     <span class='ocr_line' id='line_1_10' title="bbox 406 2083 1919 2177; baseline -0.001 -24"><span class='ocrx_word' id='word_1_82' title='bbox 406 2083 612 2171; x_wconf 78' lang='lat' dir='ltr'>procurator</span> <span class='ocrx_word' id='word_1_83' title='bbox 654 2087 952 2157; x_wconf 72' lang='lat' dir='ltr'>confraternitatis</span> <span class='ocrx_word' id='word_1_84' title='bbox 996 2086 1117 2157; x_wconf 88' lang='lat' dir='ltr'>statim</span> <span class='ocrx_word' id='word_1_85' title='bbox 1160 2099 1244 2177; x_wconf 90' lang='lat' dir='ltr'>post</span> <span class='ocrx_word' id='word_1_86' title='bbox 1286 2086 1438 2174; x_wconf 86' lang='lat' dir='ltr'>primam</span> <span class='ocrx_word' id='word_1_87' title='bbox 1481 2086 1661 2174; x_wconf 86' lang='lat' dir='ltr'>pulsatam</span> <span class='ocrx_word' id='word_1_88' title='bbox 1703 2084 1919 2151; x_wconf 87' lang='lat' dir='ltr'>conueniant</span> 
     </span>
     <span class='ocr_line' id='line_1_11' title="bbox 409 2217 1918 2311; baseline 0.002 -26"><span class='ocrx_word' id='word_1_89' title='bbox 409 2236 532 2286; x_wconf 85' lang='lat' dir='ltr'>omnes</span> <span class='ocrx_word' id='word_1_90' title='bbox 584 2217 788 2303; x_wconf 69' lang='lat' dir='ltr'>confirmes,</span> <span class='ocrx_word' id='word_1_91' title='bbox 841 2230 915 2289; x_wconf 82' lang='lat' dir='ltr'>tam</span> <span class='ocrx_word' id='word_1_92' title='bbox 967 2222 1085 2291; x_wconf 88' lang='lat' dir='ltr'>clerici</span> <span class='ocrx_word' id='word_1_93' title='bbox 1135 2243 1243 2311; x_wconf 89' lang='lat' dir='ltr'>qnam</span> <span class='ocrx_word' id='word_1_94' title='bbox 1287 2224 1382 2307; x_wconf 89' lang='lat' dir='ltr'>laici,</span> <span class='ocrx_word' id='word_1_95' title='bbox 1428 2226 1475 2291; x_wconf 84' lang='lat' dir='ltr'>ad</span> <span class='ocrx_word' id='word_1_96' title='bbox 1512 2223 1705 2291; x_wconf 86' lang='lat' dir='ltr'>ecclesiam</span> <span class='ocrx_word' id='word_1_97' title='bbox 1749 2220 1918 2290; x_wconf 85' lang='lat' dir='ltr'>Omnium</span> 
     </span>
     <span class='ocr_line' id='line_1_12' title="bbox 410 2353 1920 2447; baseline 0.003 -24"><span class='ocrx_word' id='word_1_98' title='bbox 410 2353 632 2439; x_wconf 85' lang='lat' dir='ltr'>Sanctorum,</span> <span class='ocrx_word' id='word_1_99' title='bbox 683 2356 874 2439; x_wconf 86' lang='lat' dir='ltr'>Bristollie,</span> <span class='ocrx_word' id='word_1_100' title='bbox 924 2378 990 2447; x_wconf 89' lang='lat' dir='ltr'>per</span> <span class='ocrx_word' id='word_1_101' title='bbox 1039 2357 1204 2427; x_wconf 87' lang='lat' dir='ltr'>clericum</span> <span class='ocrx_word' id='word_1_102' title='bbox 1255 2358 1555 2428; x_wconf 79' lang='lat' dir='ltr'>confraternitatis</span> <span class='ocrx_word' id='word_1_103' title='bbox 1604 2359 1664 2427; x_wconf 89' lang='lat' dir='ltr'>die</span> <span class='ocrx_word' id='word_1_104' title='bbox 1716 2358 1920 2446; x_wconf 85' lang='lat' dir='ltr'>precedenti</span> 
     </span>
     <span class='ocr_line' id='line_1_13' title="bbox 411 2461 1922 2585; baseline 0.003 -24"><span class='ocrx_word' id='word_1_105' title='bbox 411 2492 623 2579; x_wconf 62' lang='lat' dir='ltr'>penurie</span> <span class='ocrx_word' id='word_1_106' title='bbox 672 2504 709 2561; x_wconf 74' lang='lat' dir='ltr'>et</span> <span class='ocrx_word' id='word_1_107' title='bbox 749 2494 846 2564; x_wconf 68' lang='lat' dir='ltr'>area</span> <span class='ocrx_word' id='word_1_108' title='bbox 884 2496 1156 2565; x_wconf 70' lang='lat' dir='ltr'>comennaone</span> <span class='ocrx_word' id='word_1_109' title='bbox 1199 2506 1361 2565; x_wconf 67' lang='lat' dir='ltr'>canem</span> <span class='ocrx_word' id='word_1_110' title='bbox 1402 2461 1514 2565; x_wconf 65' lang='lat' dir='ltr'>nassa</span> <span class='ocrx_word' id='word_1_111' title='bbox 1556 2518 1622 2585; x_wconf 75' lang='lat' dir='ltr'>pro</span> <span class='ocrx_word' id='word_1_112' title='bbox 1658 2496 1823 2566; x_wconf 69' lang='lat' dir='ltr'>ernon</span> <span class='ocrx_word' id='word_1_113' title='bbox 1850 2497 1922 2566; x_wconf 75' lang='lat' dir='ltr'>ne</span> 
     </span>
     <span class='ocr_line' id='line_1_14' title="bbox 412 2630 1921 2723; baseline 0.003 -24"><span class='ocrx_word' id='word_1_114' title='bbox 412 2630 595 2715; x_wconf 62' lang='lat' dir='ltr'>emetis</span> <span class='ocrx_word' id='word_1_115' title='bbox 633 2640 670 2701; x_wconf 92' lang='lat' dir='ltr'>et</span> <span class='ocrx_word' id='word_1_116' title='bbox 704 2633 946 2723; x_wconf 85' lang='lat' dir='ltr'>unusquisque</span> <span class='ocrx_word' id='word_1_117' title='bbox 981 2634 1193 2703; x_wconf 76' lang='lat' dir='ltr'>confiatrum</span> <span class='ocrx_word' id='word_1_118' title='bbox 1227 2654 1295 2722; x_wconf 91' lang='lat' dir='ltr'>pro</span> <span class='ocrx_word' id='word_1_119' title='bbox 1337 2634 1512 2702; x_wconf 75' lang='lat' dir='ltr'>deftmctis</span> <span class='ocrx_word' id='word_1_120' title='bbox 1546 2634 1594 2701; x_wconf 84' lang='lat' dir='ltr'>ad</span> <span class='ocrx_word' id='word_1_121' title='bbox 1630 2634 1730 2702; x_wconf 89' lang='lat' dir='ltr'>illam</span> <span class='ocrx_word' id='word_1_122' title='bbox 1773 2634 1921 2703; x_wconf 85' lang='lat' dir='ltr'>missam</span> 
     </span>
     <span class='ocr_line' id='line_1_15' title="bbox 413 2764 1923 2859; baseline 0.003 -24"><span class='ocrx_word' id='word_1_123' title='bbox 413 2764 556 2846; x_wconf 73' lang='lat' dir='ltr'>efferata</span> <span class='ocrx_word' id='word_1_124' title='bbox 586 2768 618 2837; x_wconf 92' lang='lat' dir='ltr'>si</span> <span class='ocrx_word' id='word_1_125' title='bbox 646 2790 731 2838; x_wconf 83' lang='lat' dir='ltr'>vero</span> <span class='ocrx_word' id='word_1_126' title='bbox 760 2770 890 2859; x_wconf 87' lang='lat' dir='ltr'>aliquis</span> <span class='ocrx_word' id='word_1_127' title='bbox 925 2770 1139 2839; x_wconf 71' lang='lat' dir='ltr'>constatrurn</span> <span class='ocrx_word' id='word_1_128' title='bbox 1173 2768 1280 2838; x_wconf 88' lang='lat' dir='ltr'>fuerit</span> <span class='ocrx_word' id='word_1_129' title='bbox 1315 2770 1475 2838; x_wconf 85' lang='lat' dir='ltr'>infirmus</span> <span class='ocrx_word' id='word_1_130' title='bbox 1510 2790 1576 2858; x_wconf 92' lang='lat' dir='ltr'>pro</span> <span class='ocrx_word' id='word_1_131' title='bbox 1612 2790 1655 2839; x_wconf 90' lang='lat' dir='ltr'>eo</span> <span class='ocrx_word' id='word_1_132' title='bbox 1692 2771 1741 2840; x_wconf 87' lang='lat' dir='ltr'>ad</span> <span class='ocrx_word' id='word_1_133' title='bbox 1775 2770 1923 2839; x_wconf 86' lang='lat' dir='ltr'>missam</span> 
     </span>
     <span class='ocr_line' id='line_1_16' title="bbox 411 2902 1925 2993; baseline 0.003 -22"><span class='ocrx_word' id='word_1_134' title='bbox 411 2922 535 2989; x_wconf 84' lang='lat' dir='ltr'>preces</span> <span class='ocrx_word' id='word_1_135' title='bbox 562 2902 651 2973; x_wconf 87' lang='lat' dir='ltr'>fiant</span> <span class='ocrx_word' id='word_1_136' title='bbox 678 2906 773 2975; x_wconf 90' lang='lat' dir='ltr'>inter</span> <span class='ocrx_word' id='word_1_137' title='bbox 801 2907 937 2975; x_wconf 89' lang='lat' dir='ltr'>fratres.</span> <span class='ocrx_word' id='word_1_138' title='bbox 996 2908 1044 2976; x_wconf 90' lang='lat' dir='ltr'>Et</span> <span class='ocrx_word' id='word_1_139' title='bbox 1080 2908 1112 2975; x_wconf 91' lang='lat' dir='ltr'>si</span> <span class='ocrx_word' id='word_1_140' title='bbox 1147 2906 1278 2975; x_wconf 89' lang='lat' dir='ltr'>fuerint</span> <span class='ocrx_word' id='word_1_141' title='bbox 1312 2907 1439 2974; x_wconf 86' lang='lat' dir='ltr'>fratres</span> <span class='ocrx_word' id='word_1_142' title='bbox 1474 2906 1690 2993; x_wconf 86' lang='lat' dir='ltr'>interpellati</span> <span class='ocrx_word' id='word_1_143' title='bbox 1726 2906 1925 2976; x_wconf 90' lang='lat' dir='ltr'>uisitabunt</span> 
     </span>
     <span class='ocr_line' id='line_1_17' title="bbox 411 3038 1925 3133; baseline 0.004 -26"><span class='ocrx_word' id='word_1_144' title='bbox 411 3038 601 3110; x_wconf 88' lang='lat' dir='ltr'>infirmum.</span> <span class='ocrx_word' id='word_1_145' title='bbox 657 3041 747 3113; x_wconf 88' lang='lat' dir='ltr'>Cum</span> <span class='ocrx_word' id='word_1_146' title='bbox 783 3054 903 3111; x_wconf 87' lang='lat' dir='ltr'>autem</span> <span class='ocrx_word' id='word_1_147' title='bbox 939 3044 1069 3133; x_wconf 87' lang='lat' dir='ltr'>aliquis</span> <span class='ocrx_word' id='word_1_148' title='bbox 1104 3046 1151 3112; x_wconf 91' lang='lat' dir='ltr'>de</span> <span class='ocrx_word' id='word_1_149' title='bbox 1186 3044 1429 3113; x_wconf 83' lang='lat' dir='ltr'>sacerdotibus</span> <span class='ocrx_word' id='word_1_150' title='bbox 1463 3054 1623 3111; x_wconf 91' lang='lat' dir='ltr'>mortuus</span> <span class='ocrx_word' id='word_1_151' title='bbox 1657 3042 1763 3111; x_wconf 87' lang='lat' dir='ltr'>fuerit</span> <span class='ocrx_word' id='word_1_152' title='bbox 1799 3062 1925 3113; x_wconf 89' lang='lat' dir='ltr'>omnes</span> 
     </span>
     <span class='ocr_line' id='line_1_18' title="bbox 414 3176 1925 3269; baseline 0.002 -24"><span class='ocrx_word' id='word_1_153' title='bbox 414 3176 607 3247; x_wconf 82' lang='lat' dir='ltr'>confratres</span> <span class='ocrx_word' id='word_1_154' title='bbox 657 3182 705 3249; x_wconf 88' lang='lat' dir='ltr'>ad</span> <span class='ocrx_word' id='word_1_155' title='bbox 747 3182 919 3269; x_wconf 85' lang='lat' dir='ltr'>exequias</span> <span class='ocrx_word' id='word_1_156' title='bbox 962 3182 1060 3251; x_wconf 87' lang='lat' dir='ltr'>illius</span> <span class='ocrx_word' id='word_1_157' title='bbox 1101 3182 1317 3250; x_wconf 88' lang='lat' dir='ltr'>conueniant</span> <span class='ocrx_word' id='word_1_158' title='bbox 1366 3189 1403 3246; x_wconf 92' lang='lat' dir='ltr'>et</span> <span class='ocrx_word' id='word_1_159' title='bbox 1457 3178 1700 3268; x_wconf 88' lang='lat' dir='ltr'>unusquisque</span> <span class='ocrx_word' id='word_1_160' title='bbox 1749 3178 1925 3248; x_wconf 82' lang='lat' dir='ltr'>Sacerdos</span> 
     </span>
     <span class='ocr_line' id='line_1_19' title="bbox 415 3314 1925 3403; baseline -0.001 -18"><span class='ocrx_word' id='word_1_161' title='bbox 415 3336 526 3385; x_wconf 89' lang='lat' dir='ltr'>unum</span> <span class='ocrx_word' id='word_1_162' title='bbox 554 3336 693 3386; x_wconf 85' lang='lat' dir='ltr'>cereum</span> <span class='ocrx_word' id='word_1_163' title='bbox 722 3318 767 3385; x_wconf 89' lang='lat' dir='ltr'>de</span> <span class='ocrx_word' id='word_1_164' title='bbox 796 3318 944 3387; x_wconf 87' lang='lat' dir='ltr'>dimidia</span> <span class='ocrx_word' id='word_1_165' title='bbox 972 3318 1065 3387; x_wconf 89' lang='lat' dir='ltr'>libra</span> <span class='ocrx_word' id='word_1_166' title='bbox 1093 3338 1172 3387; x_wconf 85' lang='lat' dir='ltr'>cere</span> <span class='ocrx_word' id='word_1_167' title='bbox 1200 3338 1323 3386; x_wconf 87' lang='lat' dir='ltr'>secum</span> <span class='ocrx_word' id='word_1_168' title='bbox 1350 3315 1486 3403; x_wconf 89' lang='lat' dir='ltr'>portari</span> <span class='ocrx_word' id='word_1_169' title='bbox 1514 3314 1625 3383; x_wconf 88' lang='lat' dir='ltr'>faciat</span> <span class='ocrx_word' id='word_1_170' title='bbox 1659 3325 1699 3383; x_wconf 91' lang='lat' dir='ltr'>ut</span> <span class='ocrx_word' id='word_1_171' title='bbox 1730 3316 1778 3381; x_wconf 87' lang='lat' dir='ltr'>ad</span> <span class='ocrx_word' id='word_1_172' title='bbox 1810 3315 1925 3384; x_wconf 90' lang='lat' dir='ltr'>dictas</span> 
     </span>
     <span class='ocr_line' id='line_1_20' title="bbox 416 3452 1925 3542; baseline -0.002 -19"><span class='ocrx_word' id='word_1_173' title='bbox 416 3454 585 3542; x_wconf 83' lang='lat' dir='ltr'>exequias</span> <span class='ocrx_word' id='word_1_174' title='bbox 613 3456 747 3539; x_wconf 84' lang='lat' dir='ltr'>ardeat,</span> <span class='ocrx_word' id='word_1_175' title='bbox 776 3466 813 3525; x_wconf 88' lang='lat' dir='ltr'>et</span> <span class='ocrx_word' id='word_1_176' title='bbox 844 3457 918 3525; x_wconf 88' lang='lat' dir='ltr'>sint</span> <span class='ocrx_word' id='word_1_177' title='bbox 954 3456 1155 3526; x_wconf 84' lang='lat' dir='ltr'>sacerdotes</span> <span class='ocrx_word' id='word_1_178' title='bbox 1199 3454 1238 3523; x_wconf 89' lang='lat' dir='ltr'>in</span> <span class='ocrx_word' id='word_1_179' title='bbox 1279 3452 1547 3542; x_wconf 85' lang='lat' dir='ltr'>superpelliciis.</span> <span class='ocrx_word' id='word_1_180' title='bbox 1607 3452 1655 3521; x_wconf 84' lang='lat' dir='ltr'>Et</span> <span class='ocrx_word' id='word_1_181' title='bbox 1691 3452 1732 3519; x_wconf 87' lang='lat' dir='ltr'>in</span> <span class='ocrx_word' id='word_1_182' title='bbox 1769 3453 1925 3520; x_wconf 78' lang='lat' dir='ltr'>crastim</span> 
     </span>
     <span class='ocr_line' id='line_1_21' title="bbox 415 3589 1925 3680; baseline -0.002 -19"><span class='ocrx_word' id='word_1_183' title='bbox 415 3594 578 3663; x_wconf 88' lang='lat' dir='ltr'>similiter</span> <span class='ocrx_word' id='word_1_184' title='bbox 616 3614 696 3663; x_wconf 90' lang='lat' dir='ltr'>cum</span> <span class='ocrx_word' id='word_1_185' title='bbox 735 3594 847 3663; x_wconf 88' lang='lat' dir='ltr'>cereis</span> <span class='ocrx_word' id='word_1_186' title='bbox 886 3596 1045 3663; x_wconf 85' lang='lat' dir='ltr'>accensis</span> <span class='ocrx_word' id='word_1_187' title='bbox 1088 3594 1128 3662; x_wconf 88' lang='lat' dir='ltr'>in</span> <span class='ocrx_word' id='word_1_188' title='bbox 1170 3591 1428 3680; x_wconf 84' lang='lat' dir='ltr'>superpelliciis</span> <span class='ocrx_word' id='word_1_189' title='bbox 1471 3590 1675 3658; x_wconf 72' lang='lat' dir='ltr'>damnorum</span> <span class='ocrx_word' id='word_1_190' title='bbox 1718 3589 1766 3657; x_wconf 88' lang='lat' dir='ltr'>ad</span> <span class='ocrx_word' id='word_1_191' title='bbox 1805 3591 1925 3658; x_wconf 89' lang='lat' dir='ltr'>locum</span> 
     </span>
     <span class='ocr_line' id='line_1_22' title="bbox 415 3726 1925 3821; baseline -0.003 -21"><span class='ocrx_word' id='word_1_192' title='bbox 415 3732 594 3819; x_wconf 78' lang='lat' dir='ltr'>sepunre</span> <span class='ocrx_word' id='word_1_193' title='bbox 621 3751 729 3819; x_wconf 88' lang='lat' dir='ltr'>quam</span> <span class='ocrx_word' id='word_1_194' title='bbox 757 3732 905 3821; x_wconf 80' lang='lat' dir='ltr'>elegerit</span> <span class='ocrx_word' id='word_1_195' title='bbox 931 3732 1134 3821; x_wconf 82' lang='lat' dir='ltr'>precedant,</span> <span class='ocrx_word' id='word_1_196' title='bbox 1170 3741 1208 3798; x_wconf 89' lang='lat' dir='ltr'>et</span> <span class='ocrx_word' id='word_1_197' title='bbox 1235 3737 1388 3816; x_wconf 76' lang='lat' dir='ltr'>quantor</span> <span class='ocrx_word' id='word_1_198' title='bbox 1416 3728 1462 3795; x_wconf 84' lang='lat' dir='ltr'>da</span> <span class='ocrx_word' id='word_1_199' title='bbox 1490 3726 1725 3796; x_wconf 85' lang='lat' dir='ltr'>confratribus</span> <span class='ocrx_word' id='word_1_200' title='bbox 1753 3728 1814 3796; x_wconf 82' lang='lat' dir='ltr'>val</span> <span class='ocrx_word' id='word_1_201' title='bbox 1843 3726 1925 3795; x_wconf 89' lang='lat' dir='ltr'>aliis</span> 
     </span>
     <span class='ocr_line' id='line_1_23' title="bbox 417 3863 1927 3959; baseline -0.007 -22"><span class='ocrx_word' id='word_1_202' title='bbox 417 3870 541 3938; x_wconf 86' lang='lat' dir='ltr'>amicis</span> <span class='ocrx_word' id='word_1_203' title='bbox 591 3870 806 3959; x_wconf 84' lang='lat' dir='ltr'>specialibus</span> <span class='ocrx_word' id='word_1_204' title='bbox 856 3869 1013 3940; x_wconf 86' lang='lat' dir='ltr'>defuncti</span> <span class='ocrx_word' id='word_1_205' title='bbox 1064 3888 1192 3956; x_wconf 87' lang='lat' dir='ltr'>corpus</span> <span class='ocrx_word' id='word_1_206' title='bbox 1243 3866 1404 3935; x_wconf 90' lang='lat' dir='ltr'>deferant</span> <span class='ocrx_word' id='word_1_207' title='bbox 1453 3865 1493 3931; x_wconf 89' lang='lat' dir='ltr'>in</span> <span class='ocrx_word' id='word_1_208' title='bbox 1543 3863 1636 3931; x_wconf 86' lang='lat' dir='ltr'>albis</span> <span class='ocrx_word' id='word_1_209' title='bbox 1685 3870 1927 3947; x_wconf 82' lang='lat' dir='ltr'>competenter</span> 
     </span>
     <span class='ocr_line' id='line_1_24' title="bbox 417 3996 1926 4094; baseline -0.007 -21"><span class='ocrx_word' id='word_1_210' title='bbox 417 4005 631 4090; x_wconf 84' lang='lat' dir='ltr'>incedentes,</span> <span class='ocrx_word' id='word_1_211' title='bbox 675 4007 805 4094; x_wconf 84' lang='lat' dir='ltr'>quibus</span> <span class='ocrx_word' id='word_1_212' title='bbox 848 4006 880 4077; x_wconf 88' lang='lat' dir='ltr'>si</span> <span class='ocrx_word' id='word_1_213' title='bbox 922 4008 1019 4075; x_wconf 88' lang='lat' dir='ltr'>bona</span> <span class='ocrx_word' id='word_1_214' title='bbox 1061 4004 1218 4074; x_wconf 88' lang='lat' dir='ltr'>defuncti</span> <span class='ocrx_word' id='word_1_215' title='bbox 1261 4023 1333 4072; x_wconf 91' lang='lat' dir='ltr'>non</span> <span class='ocrx_word' id='word_1_216' title='bbox 1383 3999 1561 4069; x_wconf 86' lang='lat' dir='ltr'>sufficiant</span> <span class='ocrx_word' id='word_1_217' title='bbox 1608 3996 1839 4086; x_wconf 78' lang='lat' dir='ltr'>prouidentur</span> <span class='ocrx_word' id='word_1_218' title='bbox 1880 3997 1926 4063; x_wconf 88' lang='lat' dir='ltr'>de</span> 
     </span>
     <span class='ocr_line' id='line_1_25' title="bbox 418 4134 1925 4232; baseline -0.007 -20"><span class='ocrx_word' id='word_1_219' title='bbox 418 4144 592 4212; x_wconf 87' lang='lat' dir='ltr'>confraria</span> <span class='ocrx_word' id='word_1_220' title='bbox 619 4154 824 4232; x_wconf 87' lang='lat' dir='ltr'>competens</span> <span class='ocrx_word' id='word_1_221' title='bbox 852 4163 988 4212; x_wconf 89' lang='lat' dir='ltr'>merces</span> <span class='ocrx_word' id='word_1_222' title='bbox 1015 4161 1081 4230; x_wconf 86' lang='lat' dir='ltr'>pro</span> <span class='ocrx_word' id='word_1_223' title='bbox 1105 4142 1227 4211; x_wconf 88' lang='lat' dir='ltr'>labore</span> <span class='ocrx_word' id='word_1_224' title='bbox 1256 4140 1422 4209; x_wconf 87' lang='lat' dir='ltr'>adminus</span> <span class='ocrx_word' id='word_1_225' title='bbox 1449 4136 1640 4223; x_wconf 88' lang='lat' dir='ltr'>unicuique</span> <span class='ocrx_word' id='word_1_226' title='bbox 1668 4136 1739 4203; x_wconf 88' lang='lat' dir='ltr'>duo</span> <span class='ocrx_word' id='word_1_227' title='bbox 1768 4134 1906 4202; x_wconf 90' lang='lat' dir='ltr'>denarii</span> <span class='ocrx_word' id='word_1_228' title='bbox 1912 4159 1925 4213; x_wconf 80' lang='lat' dir='ltr'>t</span> 
     </span>
     <span class='ocr_line' id='line_1_26' title="bbox 417 4272 1924 4369; baseline -0.007 -21"><span class='ocrx_word' id='word_1_229' title='bbox 417 4282 464 4348; x_wconf 85' lang='lat' dir='ltr'>ad</span> <span class='ocrx_word' id='word_1_230' title='bbox 492 4282 644 4369; x_wconf 86' lang='lat' dir='ltr'>primam</span> <span class='ocrx_word' id='word_1_231' title='bbox 672 4282 819 4351; x_wconf 87' lang='lat' dir='ltr'>missam</span> <span class='ocrx_word' id='word_1_232' title='bbox 847 4282 1048 4350; x_wconf 88' lang='lat' dir='ltr'>sacerdotes</span> <span class='ocrx_word' id='word_1_233' title='bbox 1075 4300 1196 4349; x_wconf 88' lang='lat' dir='ltr'>cereos</span> <span class='ocrx_word' id='word_1_234' title='bbox 1220 4276 1392 4355; x_wconf 64' lang='lat' dir='ltr'>offeram</span> <span class='ocrx_word' id='word_1_235' title='bbox 1422 4274 1486 4344; x_wconf 89' lang='lat' dir='ltr'>alii</span> <span class='ocrx_word' id='word_1_236' title='bbox 1506 4272 1700 4343; x_wconf 88' lang='lat' dir='ltr'>confratres</span> <span class='ocrx_word' id='word_1_237' title='bbox 1720 4280 1924 4359; x_wconf 78' lang='lat' dir='ltr'>argenntm3</span> 
     </span>
     <span class='ocr_line' id='line_1_27' title="bbox 418 4409 1925 4508; baseline -0.006 -22"><span class='ocrx_word' id='word_1_238' title='bbox 418 4416 464 4486; x_wconf 88' lang='lat' dir='ltr'>ad</span> <span class='ocrx_word' id='word_1_239' title='bbox 493 4420 684 4487; x_wconf 86' lang='lat' dir='ltr'>secundam</span> <span class='ocrx_word' id='word_1_240' title='bbox 712 4418 859 4487; x_wconf 86' lang='lat' dir='ltr'>missam</span> <span class='ocrx_word' id='word_1_241' title='bbox 888 4418 920 4486; x_wconf 91' lang='lat' dir='ltr'>si</span> <span class='ocrx_word' id='word_1_242' title='bbox 955 4418 1045 4487; x_wconf 89' lang='lat' dir='ltr'>forte</span> <span class='ocrx_word' id='word_1_243' title='bbox 1080 4418 1271 4508; x_wconf 81' lang='lat' dir='ltr'>contigerit</span> <span class='ocrx_word' id='word_1_244' title='bbox 1305 4425 1494 4505; x_wconf 81' lang='lat' dir='ltr'>argentum</span> <span class='ocrx_word' id='word_1_245' title='bbox 1532 4412 1709 4494; x_wconf 72' lang='lat' dir='ltr'>offerateu,</span> <span class='ocrx_word' id='word_1_246' title='bbox 1750 4420 1788 4479; x_wconf 92' lang='lat' dir='ltr'>et</span> <span class='ocrx_word' id='word_1_247' title='bbox 1824 4409 1925 4478; x_wconf 87' lang='lat' dir='ltr'>illam</span> 
     </span>
     <span class='ocr_line' id='line_1_28' title="bbox 414 4547 1925 4646; baseline -0.006 -23"><span class='ocrx_word' id='word_1_248' title='bbox 414 4556 634 4626; x_wconf 87' lang='lat' dir='ltr'>oblacionern</span> <span class='ocrx_word' id='word_1_249' title='bbox 677 4556 830 4646; x_wconf 88' lang='lat' dir='ltr'>accipiat</span> <span class='ocrx_word' id='word_1_250' title='bbox 872 4556 934 4626; x_wconf 85' lang='lat' dir='ltr'>ille</span> <span class='ocrx_word' id='word_1_251' title='bbox 976 4558 1038 4645; x_wconf 89' lang='lat' dir='ltr'>qui</span> <span class='ocrx_word' id='word_1_252' title='bbox 1081 4555 1294 4625; x_wconf 87' lang='lat' dir='ltr'>constitutus</span> <span class='ocrx_word' id='word_1_253' title='bbox 1335 4550 1441 4620; x_wconf 76' lang='lat' dir='ltr'>faerit</span> <span class='ocrx_word' id='word_1_254' title='bbox 1483 4547 1663 4637; x_wconf 55' lang='lat' dir='ltr'>manalis</span> <span class='ocrx_word' id='word_1_255' title='bbox 1717 4556 1925 4634; x_wconf 87' lang='lat' dir='ltr'>procurator</span> 
     </span>
     <span class='ocr_line' id='line_1_29' title="bbox 414 4682 1923 4781; baseline -0.007 -22"><span class='ocrx_word' id='word_1_256' title='bbox 414 4692 711 4762; x_wconf 86' lang='lat' dir='ltr'>confraternitatis</span> <span class='ocrx_word' id='word_1_257' title='bbox 739 4694 1005 4762; x_wconf 88' lang='lat' dir='ltr'>custodiendam</span> <span class='ocrx_word' id='word_1_258' title='bbox 1034 4712 1216 4781; x_wconf 87' lang='lat' dir='ltr'>quousque</span> <span class='ocrx_word' id='word_1_259' title='bbox 1244 4691 1471 4777; x_wconf 80' lang='lat' dir='ltr'>prouidentur</span> <span class='ocrx_word' id='word_1_260' title='bbox 1499 4686 1592 4753; x_wconf 90' lang='lat' dir='ltr'>inter</span> <span class='ocrx_word' id='word_1_261' title='bbox 1612 4684 1739 4751; x_wconf 88' lang='lat' dir='ltr'>iratres</span> <span class='ocrx_word' id='word_1_262' title='bbox 1768 4682 1856 4769; x_wconf 88' lang='lat' dir='ltr'>quid</span> <span class='ocrx_word' id='word_1_263' title='bbox 1876 4682 1923 4750; x_wconf 88' lang='lat' dir='ltr'>da</span> 
     </span>
     <span class='ocr_line' id='line_1_30' title="bbox 415 4820 1926 4908; baseline -0.008 -9"><span class='ocrx_word' id='word_1_264' title='bbox 415 4832 539 4899; x_wconf 89' lang='lat' dir='ltr'>eadem</span> <span class='ocrx_word' id='word_1_265' title='bbox 567 4832 689 4901; x_wconf 79' lang='lat' dir='ltr'>utilius</span> <span class='ocrx_word' id='word_1_266' title='bbox 716 4830 820 4902; x_wconf 87' lang='lat' dir='ltr'>fuerit</span> <span class='ocrx_word' id='word_1_267' title='bbox 854 4832 1065 4900; x_wconf 88' lang='lat' dir='ltr'>faciendum.</span> <span class='ocrx_word' id='word_1_268' title='bbox 1110 4829 1151 4899; x_wconf 89' lang='lat' dir='ltr'>Si</span> <span class='ocrx_word' id='word_1_269' title='bbox 1188 4838 1307 4897; x_wconf 86' lang='lat' dir='ltr'>autem</span> <span class='ocrx_word' id='word_1_270' title='bbox 1342 4822 1542 4893; x_wconf 86' lang='lat' dir='ltr'>constiterit</span> <span class='ocrx_word' id='word_1_271' title='bbox 1573 4822 1670 4890; x_wconf 89' lang='lat' dir='ltr'>dicto</span> <span class='ocrx_word' id='word_1_272' title='bbox 1707 4820 1926 4908; x_wconf 87' lang='lat' dir='ltr'>procuratori</span> 
     </span>
     <span class='ocr_line' id='line_1_31' title="bbox 417 4959 1926 5053; baseline -0.006 -19"><span class='ocrx_word' id='word_1_273' title='bbox 417 4967 512 5053; x_wconf 90' lang='lat' dir='ltr'>quod</span> <span class='ocrx_word' id='word_1_274' title='bbox 554 4968 776 5037; x_wconf 87' lang='lat' dir='ltr'>oblacionem</span> <span class='ocrx_word' id='word_1_275' title='bbox 819 4970 971 5037; x_wconf 85' lang='lat' dir='ltr'>secunde</span> <span class='ocrx_word' id='word_1_276' title='bbox 1008 4967 1117 5036; x_wconf 89' lang='lat' dir='ltr'>misse</span> <span class='ocrx_word' id='word_1_277' title='bbox 1155 4967 1267 5035; x_wconf 79' lang='lat' dir='ltr'>libere</span> <span class='ocrx_word' id='word_1_278' title='bbox 1298 4962 1480 5053; x_wconf 89' lang='lat' dir='ltr'>percipere</span> <span class='ocrx_word' id='word_1_279' title='bbox 1518 4980 1591 5029; x_wconf 90' lang='lat' dir='ltr'>non</span> <span class='ocrx_word' id='word_1_280' title='bbox 1630 4959 1796 5048; x_wconf 77' lang='lat' dir='ltr'>potuuit,</span> <span class='ocrx_word' id='word_1_281' title='bbox 1839 4967 1926 5026; x_wconf 89' lang='lat' dir='ltr'>tunc</span> 
     </span>
     <span class='ocr_line' id='line_1_32' title="bbox 418 5092 1923 5192; baseline -0.007 -21"><span class='ocrx_word' id='word_1_282' title='bbox 418 5102 532 5172; x_wconf 74' lang='lat' dir='ltr'>dimus</span> <span class='ocrx_word' id='word_1_283' title='bbox 560 5115 767 5192; x_wconf 87' lang='lat' dir='ltr'>procurator</span> <span class='ocrx_word' id='word_1_284' title='bbox 790 5108 982 5174; x_wconf 87' lang='lat' dir='ltr'>secundam</span> <span class='ocrx_word' id='word_1_285' title='bbox 1011 5105 1157 5175; x_wconf 84' lang='lat' dir='ltr'>missam</span> <span class='ocrx_word' id='word_1_286' title='bbox 1178 5123 1253 5172; x_wconf 89' lang='lat' dir='ltr'>non</span> <span class='ocrx_word' id='word_1_287' title='bbox 1272 5112 1435 5191; x_wconf 87' lang='lat' dir='ltr'>procuret</span> <span class='ocrx_word' id='word_1_288' title='bbox 1456 5120 1523 5168; x_wconf 89' lang='lat' dir='ltr'>nec</span> <span class='ocrx_word' id='word_1_289' title='bbox 1543 5095 1735 5165; x_wconf 86' lang='lat' dir='ltr'>confratres</span> <span class='ocrx_word' id='word_1_290' title='bbox 1757 5092 1923 5172; x_wconf 68' lang='lat' dir='ltr'>offerantr</span> 
     </span>
    </p>
   </div>
   <div class='ocr_carea' id='block_1_3' title="bbox 0 0 2514 6308">
    <p class='ocr_par' dir='ltr' id='par_1_3' title="bbox 0 0 2514 6308">
     <span class='ocr_line' id='line_1_33' title="bbox 0 0 2514 6308; baseline 0 0"><span class='ocrx_word' id='word_1_291' title='bbox 0 0 2514 6308; x_wconf 95' lang='lat' dir='ltr'> </span> 
     </span>
    </p>
   </div>
  </div>
 </body>
</html>
