4975 6309
550 806 621 878 224
882 777 981 870 illle
1003 775 1144 867 little
1168 773 1266 865 lito
1292 773 1421 864 eoos
1444 774 1495 865 oi
1526 776 1713 867 annot

548 996 729 1082 imponere
758 1001 794 1060 et
822 978 989 1073 conferre,
1019 1008 1167 1059 assensu
1194 988 1344 1076 predicti
1374 1008 1524 1077 persone
1559 988 1622 1077 qui
1656 1008 1722 1077 pro
1757 997 1917 1073 ternpore
1950 986 2059 1056 buerit

549 1151 622 1200 non
651 1132 827 1199 obstante.
872 1128 1051 1197 Habenda
1086 1136 1122 1195 et
1150 1128 1306 1195 tenenda
1340 1128 1463 1196 omnia
1496 1128 1658 1216 predicta
1694 1125 1891 1213 mesnagis,
1926 1126 2060 1213 shopae

551 1280 587 1336 et
622 1268 812 1355 gardinum
848 1286 929 1334 curn
965 1266 1039 1335 suis
1074 1264 1303 1353 pertinenciis
1336 1264 1417 1332 Deo
1454 1273 1492 1332 et
1526 1264 1676 1333 ecclesie
1716 1261 1885 1349 predicte,
1920 1280 2059 1329 necnon

356 1408 497 1525 Ngffit
550 1404 728 1491 Magistro
766 1402 922 1487 Iohanni
958 1402 1087 1490 Wyke,
1128 1421 1279 1487 persone
1315 1400 1410 1469 dicte
1449 1402 1608 1481 ecclesie,
1651 1398 1811 1467 Ricardo
1854 1395 1980 1467 Hoker
2021 1407 2058 1465 et

325 1539 526 1655 {lnfflfflmffi
550 1541 706 1651 Johanni
742 1540 852 1620 Here,
888 1540 1093 1607 custodibus
1127 1537 1262 1607 fabrice
1295 1540 1391 1607 dicte
1422 1538 1570 1605 ecclesie
1608 1548 1646 1605 et
1685 1538 1945 1607 mcoossoribus
1984 1539 2058 1606 suis

399 1676 453 1718 ⁰¹¹·
549 1678 711 1765 personis
733 1686 770 1745 et
790 1677 995 1745 custodibus
1015 1678 1111 1745 dicte
1135 1678 1284 1745 ecclesie
1305 1678 1575 1763 imperpetuum.
1619 1674 1819 1744 Reddendo
1840 1684 1879 1743 et
1895 1674 2058 1743 faciendo

550 1815 763 1901 capitalibus
791 1812 946 1882 dominis
973 1810 1068 1880 feodi
1101 1814 1260 1881 redditus
1294 1822 1332 1881 et
1367 1812 1517 1881 seruicia
1552 1813 1635 1881 inde
1670 1810 1794 1880 debita
1828 1821 1865 1878 et
1899 1812 1947 1879 de
1978 1812 2059 1898 jure

550 1960 729 2032 consueta,
759 1960 795 2019 et
822 1950 969 2019 ulterius
1004 1950 1217 2017 inueniendo
1253 1950 1477 2035 capellanum
1511 1948 1708 2035 predictum
1744 1946 1897 2032 singtilis
1932 1944 2059 2013 diebus

551 2088 590 2153 in
625 2086 738 2155 forma
771 2086 940 2172 predicte
994 2085 1043 2152 Et
1078 2086 1125 2153 ad
1159 2085 1364 2165 tenendum,
1400 2084 1601 2151 faciendum
1637 2091 1674 2150 et
1709 2083 1980 2150 sustentandum
2020 2082 2059 2148 in

551 2224 676 2293 eadem
712 2223 862 2291 ecclesia
901 2222 1053 2309 singulis
1097 2221 1201 2288 annis
1243 2220 1283 2286 in
1321 2220 1448 2307 vigilia
1486 2217 1758 2302 Assumpcionis
1794 2216 1908 2285 Beate
1944 2214 2059 2281 Maria

550 2358 712 2447 Virginis
739 2358 996 2447 imperpetuum
1026 2356 1305 2425 anniuersarium
1326 2356 1439 2442 ipsius
1466 2355 1657 2435 Edmundi,
1686 2354 1813 2434 cilicie,
1842 2351 2056 2439 Margarete,

550 2514 700 2563 uxorum
735 2494 893 2581 ejusdem
929 2493 1120 2575 Edmundi
1158 2493 1296 2562 lbome
1331 2493 1496 2571 Blanket,
1530 2491 1681 2559 Ricardi
1712 2491 1878 2574 Blanket,
1911 2489 2060 2558 Henrici

551 2628 657 2719 Vyell
692 2638 730 2697 et
765 2628 923 2697 omnium
955 2628 1113 2697 fidelium
1141 2630 1397 2710 defunctorum,
1426 2628 1585 2717 quodie
1614 2630 1754 2696 soluent
1782 2638 1820 2695 et
1848 2628 2062 2695 distribuent

552 2765 639 2834 dicti
666 2784 818 2853 persona
846 2775 882 2833 et
909 2774 1154 2853 procuratores
1183 2776 1220 2833 et
1249 2784 1469 2835 successores
1497 2766 1554 2833 sui
1578 2764 1709 2852 viginti
1730 2764 1925 2850 capellanis
1945 2763 2059 2831 Misse

552 2902 598 2967 de
623 2900 799 2987 Requiem
827 2910 865 2969 et
893 2902 1053 2987 exequiis
1083 2903 1326 2989 solempnibus
1354 2923 1435 2971 cnm
1471 2912 1661 2990 neupmate
1701 2903 1789 2970 dicti
1829 2898 2061 2967 anniuersarii

552 3038 854 3119 interessentibus,
877 3037 1022 3107 cuilibet
1045 3055 1166 3105 eorum
1194 3047 1347 3125 quatuor
1373 3040 1539 3107 dmamos
1567 3038 1836 3124 imperpetuum,
1866 3044 1904 3103 et
1924 3034 2062 3103 Clerioo

553 3175 710 3262 ejusdem
738 3176 887 3243 ecclesie
914 3174 977 3261 qui
1004 3193 1070 3260 pro
1097 3184 1257 3261 tempore
1284 3173 1390 3243 fuerit
1417 3194 1483 3260 pro
1511 3174 1625 3241 tribus
1653 3173 1780 3242 classis
1806 3171 1993 3259 pulsandis
2021 3170 2059 3236 in

553 3310 713 3398 exequiis
752 3318 789 3377 et
828 3330 963 3397 magna
1000 3309 1112 3379 missa
1149 3308 1231 3397 vid,
1277 3320 1315 3378 et
1354 3307 1580 3397 suffiaganeo
1615 3308 1774 3395 ejusdem
1810 3309 1957 3376 ecclesie
1989 3305 2060 3394 lja,

554 3462 590 3515 et
625 3448 835 3515 Bedmanno
870 3448 1003 3519 dittum
1040 3448 1321 3515 anniuersarium
1354 3447 1394 3513 in
1421 3446 1509 3515 villa
1543 3444 1781 3533 proclamanti
1817 3442 1876 3529 ijd.
1930 3442 1980 3511 Et
2014 3444 2064 3510 ad

554 3584 805 3651 inuenientium
848 3592 929 3651 octo
972 3602 1092 3651 cereos
1135 3584 1329 3669 quadratos
1373 3601 1487 3651 nouos
1522 3590 1559 3649 et
1595 3582 1761 3649 decentes
1797 3581 1835 3647 in
1870 3580 1991 3647 missis
2025 3587 2062 3645 et

554 3720 715 3807 exequiis
741 3720 867 3788 eodem
903 3720 962 3787 die
996 3731 1102 3806 prout
1137 3720 1317 3806 competit,
1355 3730 1393 3788 et
1428 3720 1510 3789 aliis
1544 3719 1645 3787 festis
1679 3738 1744 3805 per
1778 3727 1894 3786 totum
1930 3736 2062 3784 annum

552 3858 657 3945 juxta
681 3856 855 3924 tumulum
884 3858 1059 3925 ardentes.
1103 3856 1326 3925 Distribuent
1346 3857 1461 3925 eciam
1481 3856 1568 3924 dicti
1589 3874 1741 3943 persom
1762 3864 1799 3922 et
1820 3862 2065 3940 procuratores

556 3999 593 4057 et
643 4008 764 4057 eorum
822 4009 1041 4059 successores
1092 3990 1350 4078 imperpetuum
1401 3992 1586 4060 annuatim
1629 3992 1668 4060 in
1714 4010 1810 4077 pane
1859 3992 1956 4059 dicto
2004 3990 2065 4057 die

399 4182 408 4199 .
470 4182 477 4197 .
558 4124 790 4193 anniuersarii
825 4124 1041 4213 pauperibus
1080 4126 1128 4193 ad
1166 4128 1325 4195 valorem
1364 4129 1486 4196 decem
1522 4128 1727 4209 solidorum,
1764 4146 1904 4195 necnon
1938 4127 2063 4195 eodem

558 4262 617 4329 die
645 4262 860 4349 pauperibus
888 4262 982 4329 cecis
1007 4271 1044 4329 et
1072 4262 1209 4329 dandis
1237 4263 1277 4332 in
1302 4264 1442 4332 lectulis
1463 4264 1665 4351 jacentibus
1686 4264 1724 4331 in
1746 4262 1918 4350 hospitali
1938 4261 2065 4331 Sancti

559 4397 811 4479 Bartholomei,
841 4396 1033 4479 Bristollie,
1063 4398 1218 4486 quinque
1248 4400 1383 4469 solidos
1403 4400 1442 4467 in
1462 4420 1554 4487 pura
1574 4400 1736 4487 pecunia.
1779 4398 1931 4469 Soluent
1951 4400 2067 4469 θοίειω

562 4534 685 4601 eodem
713 4534 772 4601 die
800 4532 887 4602 dicti
913 4554 1066 4621 persona
1095 4544 1132 4603 et
1159 4545 1406 4621 procuratores
1433 4546 1471 4603 et
1498 4556 1619 4605 eorum
1655 4554 1875 4604 successores
1909 4535 1973 4623 qui
1999 4555 2068 4623 pro

562 4680 721 4757 tempore
748 4670 878 4739 lirerint
905 4670 1121 4757 pauperibus
1139 4671 1340 4758 jacentibus
1361 4673 1399 4739 in
1420 4674 1526 4741 domo
1549 4672 1808 4762 elemosynaria
1831 4674 1870 4739 in
1898 4673 2069 4741 suburbio

563 4804 755 4888 Brlstollie,
784 4805 824 4872 in
851 4805 1117 4893 Templestrete,
1146 4808 1405 4895 imperpetuum
1437 4809 1621 4877 mnuatim
1657 4809 1814 4896 quinque
1849 4810 1992 4891 solidos,
2029 4820 2067 4878 et

564 4942 779 5029 pauperibus
807 4940 887 5009 aliis
915 4942 1166 5029 languentibus
1194 4944 1232 5012 in
1261 4946 1368 5014 domo
1395 4946 1653 5034 elemosynaria
1681 4946 1721 5013 in
1748 4946 1873 5015 eodem
1899 4946 2072 5015 suburbio

566 5077 605 5145 io
640 5079 678 5147 la
712 5076 906 5166 Langrewe
941 5079 1098 5166 quinque
1133 5080 1276 5149 solidos.
1341 5080 1531 5151 Inuenient
1564 5084 1679 5152 eciam
1714 5083 1802 5153 dicti
1843 5102 1996 5171 persona
2030 5092 2073 5152 et
