4975 6309
592 801 641 872 ⁶2
929 783 1025 876 ube
1049 782 1189 873 little
1213 782 1311 873 ileo
1337 783 1465 874 tloolt
1491 785 1542 875 ot
1572 785 1757 876 Brtstol

591 1005 623 1093 si
637 1004 685 1071 ad
698 1001 780 1068 illas
794 1009 880 1066 tunc
893 1017 967 1065 non
979 997 1126 1075 venuit,
1141 997 1189 1073 ad
1209 997 1355 1064 terciam
1377 998 1518 1068 admitti
1540 999 1646 1066 debet
1668 999 1836 1085 probacio
1854 999 2009 1086 petentis
2027 999 2102 1066 siue

590 1137 772 1227 querentis
788 1135 835 1201 ad
849 1133 949 1201 illam
966 1132 1114 1201 terciam
1135 1132 1270 1199 curiam
1292 1133 1345 1200 ita
1365 1135 1460 1219 quod
1482 1143 1564 1220 post
1585 1137 1684 1202 illam
1707 1135 1853 1204 terciam
1875 1137 2008 1204 curiam
2030 1155 2103 1204 non

592 1272 770 1362 optinebit
783 1287 936 1356 querens
950 1269 1067 1336 adhuc
1083 1268 1122 1335 in
1143 1267 1277 1354 placito
1299 1288 1363 1335 suo
1386 1289 1452 1338 nec
1473 1279 1648 1356 quatenus
1669 1273 1872 1358 probauerit
1894 1273 2105 1340 demandam

591 1413 650 1479 vel
664 1411 844 1498 querelam
859 1428 971 1488 suam,
986 1415 1023 1473 et
1036 1405 1089 1473 ita
1102 1404 1229 1472 micius
1242 1404 1363 1491 agimr
1373 1405 1456 1474 licet
1467 1408 1514 1474 ad
1527 1408 1647 1476 minus
1659 1417 1789 1496 agatur
1802 1429 1868 1496 pro
1881 1409 2103 1478 deffendente

593 1550 633 1618 in
646 1551 728 1636 lege
741 1547 952 1615 mercatoria
965 1564 1073 1631 quam
1094 1544 1131 1610 in
1154 1544 1236 1630 lege
1257 1545 1446 1626 communi,
1469 1555 1506 1613 et
1529 1547 1582 1616 sic
1603 1549 1835 1635 respondetur
1855 1551 1903 1617 ad
1925 1551 2103 1620 duriciam.

593 1685 848 1753 Verumtamen
863 1683 948 1770 quia
960 1682 1113 1748 maiores
1137 1679 1333 1761 ciuitatum,
1354 1683 1541 1750 senmoalll
1561 1683 1738 1766 feriarum,
1753 1686 1917 1752 custodes
1939 1699 2103 1772 portuum

596 1841 705 1908 supra
718 1841 826 1900 mare,
843 1819 969 1887 balliui
989 1820 1180 1904 burgomm
1202 1827 1239 1884 et
1260 1817 1431 1904 prepositi
1454 1829 1686 1888 mercatorum
1708 1821 1747 1888 in
1769 1822 1920 1890 diuersis
1941 1823 2102 1912 partibus

595 1957 718 2046 Regni
732 1956 926 2025 existentes
940 1956 979 2022 in
992 1955 1194 2022 huiusmodi
1209 1957 1362 2024 casubus
1380 1977 1460 2024 cum
1482 1969 1695 2024 mercatores
1707 1959 1765 2025 val
1780 1960 1973 2027 secundum
1987 1961 2102 2048 legem

594 2093 839 2162 mercatoriam
853 2111 973 2159 ooram
998 2091 1051 2158 eis
1073 2092 1244 2177 placitare
1267 2093 1447 2176 debentes,
1470 2093 1555 2160 licet
1573 2095 1750 2176 absentes,
1766 2095 1951 2164 attacbiati
1975 2096 2105 2164 fiueriut

592 2253 656 2319 per
669 2233 766 2299 bona
788 2241 825 2298 et
847 2231 979 2296 catalla
996 2250 1061 2295 sua
1075 2231 1224 2296 mobilia
1237 2250 1301 2297 seu
1322 2251 1386 2316 per
1407 2231 1649 2299 mercandisas
1672 2251 1757 2298 suas
1783 2235 1829 2300 ad
1853 2245 1967 2301 certas
1991 2235 2106 2300 curias

592 2389 676 2436 suas
690 2369 808 2436 vocati
821 2388 895 2435 non
909 2368 1170 2452 comparuerint
1184 2369 1327 2435 eosdem
1343 2369 1558 2436 attacbiatos
1580 2371 1625 2436 de
1647 2370 1751 2436 bonis
1773 2371 1848 2438 suis
1873 2371 2018 2438 omnino
2042 2391 2104 2438 seu

592 2506 712 2574 saltim
735 2508 782 2571 ad
807 2503 1043 2591 quantitatem
1065 2504 1240 2570 demando
1266 2515 1390 2572 contra
1412 2525 1475 2572 eos
1499 2505 1592 2572 facte
1614 2507 1720 2573 nimis
1743 2506 1814 2574 cito
1828 2517 1865 2573 et
1879 2507 2102 2593 surrepcione

592 2643 848 2723 adiudicarunt,
864 2651 901 2708 et
921 2642 975 2707 ita
996 2641 1233 2708 diuersimode
1258 2641 1297 2707 in
1322 2641 1473 2709 diuersis
1497 2643 1657 2727 partibus
1686 2644 1782 2728 quod
1812 2645 1931 2712 nullus
1959 2645 2103 2712 omnino

591 2801 795 2869 processum
809 2780 902 2867 legis
916 2780 1122 2846 mercatoris
1137 2779 1176 2844 in
1189 2799 1234 2846 ea
1247 2789 1349 2865 parte
1364 2780 1453 2846 scire
1464 2799 1531 2846 nec
1547 2799 1760 2866 cognosoere
1771 2781 1911 2866 poterit
1956 2781 2107 2867 Propter

591 2918 660 2984 boc
674 2917 875 2985 ordinatum
889 2918 1054 3001 estquod
1068 2915 1101 2982 si
1113 2914 1316 2982 huiusmodi
1331 2917 1496 2983 absentes
1511 2917 1573 3003 qui
1588 2916 1773 2984 attachiati
1787 2917 1918 2983 fixerint
1938 2936 2011 2983 non
2033 2917 2106 2984 sint

592 3054 686 3121 infra
709 3073 860 3139 reguum
888 3062 925 3120 ct
950 3053 1024 3120 sint
1047 3053 1086 3118 in
1108 3053 1255 3119 remotis
1278 3053 1450 3138 partibus,
1474 3063 1512 3120 et
1532 3055 1601 3119 boc
1626 3053 1854 3120 testificatum
1869 3053 1973 3120 fuerit
1987 3073 2105 3122 ooram

594 3190 809 3260 Senescallis
833 3200 871 3257 et
905 3189 1014 3259 Curia
1046 3188 1269 3271 sufficienter,
1313 3192 1371 3258 vel
1413 3190 1504 3259 forte
1547 3211 1612 3278 per
1655 3192 1809 3277 aliquem
1853 3192 2005 3258 amicum
2048 3193 2106 3258 vel

592 3329 850 3416 apprenticium
863 3330 922 3395 vel
936 3329 1045 3396 alium
1059 3329 1239 3396 hominem
1255 3349 1357 3397 suum
1371 3331 1434 3416 qui
1456 3331 1588 3418 alleget
1613 3333 1709 3417 quod
1735 3331 1812 3417 ipse
1833 3331 1998 3397 dominus
2020 3349 2105 3398 suus

592 3466 655 3551 qui
678 3474 734 3532 est
748 3465 800 3530 ita
814 3464 1031 3531 attachiatus
1045 3485 1108 3532 seu
1122 3467 1223 3532 cuius
1237 3468 1334 3534 bona
1355 3478 1438 3534 sunt
1458 3467 1654 3535 attachiata
1668 3468 1715 3536 sit
1730 3468 1768 3536 in
1783 3470 1903 3556 aliquo
1918 3471 1996 3536 loco
2011 3479 2106 3536 oerto

591 3603 650 3670 vel
664 3602 802 3669 cuciter
816 3602 971 3689 aliquem
985 3593 1103 3669 locum
1117 3613 1252 3669 eertum
1272 3605 1330 3670 vel
1352 3604 1444 3670 infra
1464 3625 1626 3692 regnum,
1642 3614 1726 3673 mne
1740 3625 1804 3691 per
1818 3607 2054 3674 senescallum
2068 3617 2105 3674 et

592 3747 804 3806 mercatores
819 3739 865 3804 de
884 3737 992 3805 Curia
1012 3738 1077 3804 illa
1094 3740 1286 3806 secundum
1306 3741 1558 3808 discrecionem
1581 3761 1701 3809 eorum
1725 3741 1928 3828 assignatur
1944 3742 2015 3810 sibi
2029 3743 2105 3810 dies

592 3885 797 3962 competens
821 3895 887 3963 pro
909 3876 988 3942 looo
1010 3876 1074 3942 illo
1102 3877 1191 3944 citra
1220 3898 1326 3964 quem
1347 3879 1611 3946 racionabiliter
1630 3879 1752 3946 venire
1773 3880 1914 3966 poterit,
1936 3879 1989 3946 ita
2010 3882 2104 3966 quod

594 4017 627 4084 si
660 4015 753 4083 inira
788 4017 879 4084 duos
912 4015 990 4083 dies
1011 4017 1132 4086 venire
1158 4039 1230 4086 non
1271 4019 1401 4104 poterit
1429 4021 1561 4086 habeat
1585 4029 1669 4100 tres,
1691 4029 1729 4086 et
1756 4017 1849 4086 infra
1874 4028 1946 4084 tres
1973 4019 2105 4086 babeat

592 4165 753 4240 quatuor.
808 4153 858 4220 Et
885 4153 1008 4238 siper
1039 4154 1109 4221 loci
1140 4156 1353 4223 distendam
1397 4165 1558 4244 oporteat
1597 4156 1716 4242 ipsum
1751 4157 1884 4222 habere
1920 4155 2103 4222 vlteriores

592 4301 630 4359 et
652 4292 771 4377 plures
797 4290 922 4372 dietas,
947 4300 1033 4358 tunc
1058 4303 1306 4379 computentur
1327 4295 1421 4360 diste
1444 4295 1505 4360 ille
1530 4314 1594 4379 per
1622 4293 1756 4361 curiam
1782 4303 1819 4360 et
1844 4301 1962 4378 preter
1989 4291 2104 4359 dietas

593 4429 677 4495 illas
712 4428 909 4494 allocentur
940 4427 974 4494 ei
995 4429 1067 4496 duo
1101 4431 1159 4496 vel
1190 4440 1263 4498 tres
1297 4430 1373 4497 dies
1409 4431 1455 4497 ad
1486 4433 1568 4517 plus
1600 4431 1646 4498 de
1676 4429 1880 4516 auantagio.
1940 4429 1989 4495 Et
2023 4438 2106 4516 post

594 4565 696 4632 illum
724 4565 857 4632 trinum
886 4565 980 4631 diem
1009 4567 1054 4632 de
1077 4567 1272 4654 auantagio
1302 4570 1405 4635 detur
1442 4567 1606 4635 sibisibi
1632 4565 1802 4654 (sic)dies
1831 4567 1878 4633 ad
1905 4567 2104 4652 proximam

595 4701 729 4769 curiam
765 4710 896 4768 exnunc
931 4713 1137 4788 sequentem
1166 4707 1213 4773 ad
1240 4705 1463 4786 veniendum,
1494 4705 1541 4773 ad
1570 4724 1678 4791 quam
1707 4703 1739 4772 si
1766 4703 1903 4770 venerit
1937 4703 2106 4788 procedat

595 4837 777 4924 placimm.
821 4836 870 4903 Et
885 4837 917 4904 si
930 4858 1002 4905 non
1017 4839 1154 4906 venerit
1168 4860 1233 4907 nec
1247 4841 1426 4908 essonium
1448 4841 1583 4908 miserit
1597 4849 1682 4908 tunc
1695 4840 1927 4907 demandetur
1946 4847 1987 4906 vt
2007 4839 2105 4924 prius

597 4975 645 5041 ad
674 4975 864 5040 secundam
889 4972 1042 5059 Curiam,
1072 4988 1108 5044 et
1136 4980 1342 5046 obseruetur
1369 4989 1500 5046 extunc
1528 4999 1713 5064 processus
1742 4975 1964 5064 supradictus
1996 4996 2040 5042 ac
2075 4979 2107 5045 si

597 5131 745 5198 presens
779 5109 903 5177 fuisset
937 5112 976 5178 in
1011 5115 1126 5200 primo
1162 5116 1447 5184 amachiamento.
1514 5115 1563 5182 Et
1587 5115 1619 5181 si
1641 5113 1731 5181 forte
1759 5115 1806 5180 ad
1830 5112 1924 5180 diem
1946 5111 2047 5178 illum
2067 5133 2107 5181 ss
