4975 6309
545 784 615 855 2³4
877 740 1490 852 coerceremus
1520 759 1709 851 Bnetol.

541 967 754 1057 specificatis
792 970 839 1037 ad
876 970 1000 1037 villam
1039 970 1233 1055 predictam
1273 982 1349 1040 tam
1390 992 1457 1060 per
1489 982 1620 1041 terram
1657 993 1766 1059 quam
1808 993 1873 1060 per
1915 992 2045 1061 aquam

541 1106 764 1174 venientibus
792 1106 950 1191 exceptis
983 1108 1086 1186 lanis,
1116 1109 1221 1177 coriis
1254 1120 1291 1177 et
1324 1110 1478 1197 pellibus
1509 1111 1643 1177 lanutis
1675 1108 1904 1201 oen[alibus]‚
1934 1130 2044 1177 vnum

541 1244 725 1313 denarium
754 1245 799 1310 de
828 1244 929 1323 libra,
952 1265 1060 1313 vnum
1086 1246 1229 1313 obolum
1254 1249 1300 1314 de
1324 1249 1446 1317 decem
1469 1247 1595 1316 solidis
1618 1256 1655 1313 et
1679 1267 1788 1314 vnum
1812 1248 2045 1334 quadrantem

542 1381 587 1448 de
616 1380 771 1467 quinque
795 1381 929 1449 solidis.
974 1382 1018 1449 In
1047 1384 1146 1467 cujus
1175 1384 1227 1451 rei
1253 1385 1496 1453 testimonium
1524 1387 1592 1453 has
1627 1384 1765 1452 litteras
1802 1394 1942 1453 nostras
1969 1383 2046 1453 fieri

541 1520 688 1588 fecimus
715 1529 879 1605 petentes
907 1540 971 1605 per
998 1530 1139 1607 tempus
1167 1524 1363 1608 predictum
1392 1524 1590 1591 duraturas.
1633 1522 1740 1590 Teste
1765 1522 1927 1606 meipso
1952 1522 2047 1606 apud

541 1656 897 1725 westmonasterium
937 1657 1026 1723 xxix
1064 1658 1124 1725 die
1163 1660 1264 1740 Maii,
1294 1680 1391 1729 anno
1430 1660 1533 1749 regui
1570 1660 1683 1727 nostri
1717 1659 1856 1726 decimo
1895 1660 2045 1745 septimo

542 1792 672 1887 [¹439]-

671 1932 741 2001 Per
768 1935 875 2000 breue
903 1932 948 2000 dc
976 1932 1116 2018 priuato
1145 1933 1276 2021 sigillo.

751 2073 813 2141 An
842 2070 995 2157 English
1024 2070 1235 2137 translation
1264 2070 1307 2137 of
1328 2072 1401 2139 this
1429 2072 1520 2141 dead
1547 2071 1581 2139 is
1608 2070 1647 2138 in
1679 2070 1729 2139 H.
1758 2070 1890 2138 Bush's
1915 2070 2050 2139 Braitol

848 2210 946 2277 Toum
971 2207 1106 2289 Dutics,
1140 2211 1234 2291 1828,
1263 2228 1299 2294 p.
1323 2229 1376 2292 3¹.

627 2344 1516 2439 HenryV1.onthe15thofMareh.intlse
1552 2344 2044 2433 24thyearofhisreign

713 2484 1020 2577 [144⁶]renewed
1048 2482 1121 2551 this
1156 2492 1263 2569 grant
1283 2480 1339 2550 for
1367 2503 1390 2551 a
1417 2481 1552 2551 firrther
1578 2482 1703 2569 period
1737 2482 1779 2551 oi
1809 2484 1907 2569 sixty
1939 2502 2044 2570 years

712 2632 800 2691 next
834 2622 906 2689 and
939 2619 1181 2706 immediately
1208 2617 1393 2707 following
1420 2620 1482 2687 the
1509 2620 1725 2706 completion
1758 2618 1798 2686 of
1821 2620 1883 2687 the
1911 2628 2045 2707 twenty

712 2780 816 2851 years
844 2760 957 2827 above
986 2754 1163 2843 specified.
1221 2756 1376 2824 Edward
1404 2756 1467 2824 1v.
1497 2776 1545 2825 on
1574 2758 1636 2823 the
1669 2757 1748 2824 rath
1780 2757 1823 2824 of
1851 2755 2042 2844 February,

711 2897 749 2965 in
772 2897 833 2963 the
859 2903 910 2963 rst
930 2912 1017 2981 year
1044 2892 1086 2959 oi
1108 2892 1166 2959 his
1193 2893 1297 2979 reign
1326 2890 1458 2984 [1462]‚
1485 2892 1575 2961 alter
1601 2894 1755 2981 reciting
1781 2894 1844 2961 the
1870 2903 1981 2961 terms
2007 2891 2049 2961 of

712 3030 2044 3119 thissecondgrantwhichhadbeenreturnedtohiminhis

712 3170 898 3259 Chanoery
934 3179 972 3237 to
1009 3169 1055 3235 be
1095 3167 1287 3246 cancelled
1325 3169 1431 3235 made
1468 3188 1492 3236 a
1526 3188 1606 3234 new
1640 3168 1818 3257 grantes
1850 3170 1913 3236 the
1945 3185 2045 3237 same

712 3316 808 3375 town
830 3314 869 3373 to
889 3304 951 3372 the
971 3304 1101 3392 Mayor
1124 3306 1195 3370 and
1221 3302 1471 3389 Commonalty
1494 3299 1536 3369 of
1554 3302 1689 3372 Eristol
1712 3302 1769 3371 lor
1789 3323 1874 3371 ever
1894 3304 1934 3371 in
1956 3323 2044 3393 very

714 3445 820 3513 much
840 3444 902 3511 the
923 3462 1020 3509 same
1039 3452 1148 3511 terme
1170 3462 1211 3509 as
1232 3443 1295 3510 the
1304 3440 1464 3511 Charter
1483 3438 1526 3507 ol
1546 3439 1674 3527 Henry
1692 3438 1758 3507 Vl
1782 3440 1913 3526 quoted
1930 3440 2044 3508 above

715 3586 759 3676 (o.
781 3582 922 3671 Seyer's
944 3580 1102 3651 ctorem
1121 3576 1165 3667 os
1180 3576 1316 3646 erent
1332 3578 1401 3647 No.
1429 3576 1530 3663 xxii),
1552 3577 1617 3643 but
1638 3596 1680 3643 as
1700 3576 1801 3643 there
1821 3594 1883 3643 are
1903 3576 2046 3643 various

714 3720 921 3791 differences
949 3717 1141 3805 especially
1169 3716 1207 3782 in
1236 3714 1298 3782 the
1326 3722 1457 3782 matter
1482 3714 1525 3781 of
1548 3710 1725 3793 Customs,
1753 3712 1827 3779 the*
1843 3714 1983 3781 charter
2010 3710 2051 3778 of

715 3848 1892 3944 HenryVI.hasbeengivenforpnrposesofoomparison.

547 4056 703 4153 QUOD
761 4054 950 4133 MAIOR
1007 4054 1094 4130 ET
1158 4048 1538 4129 COMMUNITAS
1600 4048 1864 4129 POSSUNT
1911 4050 2045 4128 PER-

548 4206 805 4306 QUIRERE
845 4204 1069 4282 TERRAS
1103 4202 1190 4279 ET
1231 4198 1591 4277 TENEMENTA
1633 4198 1720 4277 AD
1773 4198 2055 4279 VALOREM

599 4358 845 4441 CENTUM
868 4352 1211 4435 MARCARUM
1237 4346 1586 4453 [LIBRARUM]
1620 4348 1740 4427 PER
1770 4350 2010 4428 ΑΝΝΖῘΜ.ι

676 4529 854 4599 Henricus
875 4526 944 4596 Del
966 4522 1088 4612 gracia
1110 4520 1194 4588 Rex
1216 4518 1352 4604 Anglie
1373 4528 1411 4585 et
1434 4515 1585 4583 Francia
1606 4526 1644 4582 et
1667 4514 1843 4583 Dominus
1865 4516 2049 4601 Hiberuie,
2098 4556 2251 4609 mm

546 4669 712 4740 omnibus
749 4668 796 4735 ad
831 4685 921 4753 quos
948 4671 1130 4751 presentes
1158 4661 1275 4727 littere
1308 4656 1532 4745 peruenerint
1565 4656 1729 4723 salutem.
1783 4653 1915 4725 Sciatis
1953 4663 2050 4746 quod
2072 4622 2279 4810 ffel&

547 4826 613 4874 nos
637 4806 757 4873 debite
774 4802 1038 4871 considerantes
1059 4816 1210 4887 magnos
1231 4806 1268 4863 et
1293 4794 1494 4863 excessiuos
1519 4802 1650 4873 custus,
1676 4792 1787 4861 misas
1810 4805 1848 4861 et
1872 4814 2049 4882 expensas
2071 4825 2279 4931 ἃᾶ

547 4962 637 5031 quas
672 4940 793 5009 dilecti
820 4949 857 5007 et
885 4937 1009 5007 fideles
1037 4937 1123 5023 ligei
1163 4931 1275 5002 nostri
1313 4930 1431 5017 Major
1466 4939 1504 4997 et
1540 4928 1785 4998 eommunitas
1814 4929 1899 4997 ville
1929 4946 2049 5001 nostre
2087 5018 2134 5059 m
2143 4954 2266 5060 ,grum

547 5078 728 5148 Bristollie
771 5088 846 5145 tam
889 5075 984 5144 circa
1026 5072 1301 5161 reparacionem,
1345 5065 1642 5135 sustentationem
1682 5075 1719 5133 et
1761 5068 2049 5139 emendacionem

575 5234 638 5286 ²111
650 5244 710 5301 1391
722 5230 933 5286 noscerent
946 5226 1602 5293 emmerammus-nemu
1614 5226 1746 5295 (sutura
1761 5228 1987 5297 rsnumcap.
1998 5232 2035 5297 ς).
