4975 6309
700 762 797 857 ube
821 760 1235 853 lttttclicotioot
1260 761 1311 850 ot
1340 759 1527 853 sustu
1796 774 1865 862 163

365 975 534 1043 heredum
573 996 727 1057 suorum,
770 996 895 1043 omues
936 974 1098 1045 homines
1138 985 1175 1043 et
1212 987 1376 1045 tenentes
1413 977 1507 1058 illos,
1531 986 1607 1047 tam
1635 998 1756 1047 coram
1784 979 1865 1066 ipso

366 1112 654 1181 metuendissimc
683 1112 826 1181 domino
855 1132 935 1179 meo
964 1112 1069 1199 Rege
1099 1121 1137 1180 et
1171 1114 1360 1181 heredibus
1387 1114 1462 1181 suis
1485 1114 1525 1179 in
1553 1112 1776 1182 Cancellaria
1802 1134 1872 1181 sua

366 1258 403 1317 et
441 1250 608 1317 heredum
645 1270 797 1331 suorum,
834 1269 942 1336 quam
981 1268 1100 1317 coram
1136 1248 1371 1317 Thesauraric
1405 1259 1442 1317 et
1485 1250 1686 1319 Barcuibus
1720 1252 1796 1319 suis
1830 1261 1869 1319 et

364 1384 532 1451 heredum
576 1405 718 1453 sucrum
761 1386 807 1453 de
853 1383 1050 1463 Scaccario,
1101 1404 1240 1452 necnon
1282 1404 1403 1453 coram
1444 1384 1657 1469 Justiciariis
1706 1389 1783 1455 suis
1830 1396 1870 1455 et

365 1522 533 1589 heredum
556 1541 698 1589 suonam
721 1521 969 1589 itinerantibus
992 1523 1039 1588 ad
1064 1522 1266 1589 communia
1285 1522 1420 1609 placita
1442 1531 1480 1590 et
1502 1523 1550 1589 ad
1572 1522 1707 1609 placita
1726 1523 1867 1607 foreste,

365 1666 401 1723 et
424 1656 538 1725 eciam
563 1677 682 1724 coram
709 1656 921 1741 Justiciariis
945 1656 1078 1723 suiset
1106 1657 1275 1723 heredum
1298 1677 1441 1725 suorum
1464 1657 1510 1725 de
1532 1658 1667 1740 Banco,
1690 1668 1728 1726 et
1750 1660 1867 1727 οοίαω

136 1808 340 1921 Νοτᾼυέοιιι
366 1792 580 1873 Senescallc,
610 1794 823 1862 Marescallo
852 1814 894 1860 ac
923 1792 1137 1861 Coronatcre
1173 1793 1324 1879 hospicii
1353 1794 1408 1860 sui
1440 1802 1478 1861 et
1512 1795 1681 1863 heredum
1710 1815 1868 1877 suorum,

138 1944 340 1985 nwem-
365 1940 401 1997 et
429 1930 557 1997 clerico
585 1931 630 1997 de
658 1940 813 1997 mercato
845 1948 888 1995 ac
923 1948 1042 1995 coram
1078 1928 1159 1995 aliis
1193 1927 1405 2013 Justiciariis
1440 1942 1478 1995 et
1512 1930 1685 1999 ministris
1719 1930 1796 1997 suis
1830 1940 1871 1999 et

364 2068 532 2133 heredum
575 2086 718 2134 suorum
761 2066 1049 2153 quibuscumque,
1100 2064 1191 2133 fines
1236 2086 1300 2133 seu
1342 2066 1608 2152 redempciones
1653 2068 1770 2137 facere
1812 2071 1872 2137 vel

365 2204 547 2273 amerciari
576 2212 639 2269 aut
667 2202 868 2269 huiusmodi
896 2202 1025 2285 exitus,
1054 2203 1197 2271 murdre
1225 2220 1289 2268 seu
1317 2200 1568 2282 forisfacturas,
1598 2223 1742 2287 mum,
1772 2205 1867 2273 diem

362 2349 400 2407 et
441 2350 582 2407 vastum
633 2338 827 2405 adiudicari
876 2337 1066 2427 contigerit
1105 2337 1195 2405 adeo
1237 2327 1344 2423 plene
1387 2348 1424 2435 et
1469 2337 1608 2425 integre
1653 2340 1745 2407 sicin
1788 2341 1868 2425 ipse

363 2475 671 2543 metuendissimus
706 2474 870 2541 dominus
913 2494 1013 2541 meus
1048 2472 1132 2539 Rex
1167 2492 1212 2539 ea
1245 2473 1393 2540 haberet
1428 2473 1461 2539 si
1495 2474 1656 2559 predicta
1697 2476 1871 2557 dominia,

363 2611 532 2693 maneria,
567 2610 683 2692 villas,
727 2619 849 2691 terras,
891 2619 1095 2676 tenementa
1130 2620 1166 2677 et
1209 2611 1289 2676 loca
1324 2609 1483 2696 predicta
1518 2610 1611 2677 inira
1647 2613 1867 2698 procinctum

364 2748 520 2815 eiusdem
543 2748 629 2815 ville
652 2748 690 2813 in
713 2766 822 2815 manu
850 2767 916 2813 sua
938 2747 1151 2827 retinuisset,
1185 2747 1342 2813 aoeuam
1370 2746 1463 2814 sicut
1491 2768 1558 2815 nos
1588 2768 1633 2815 ea
1661 2750 1876 2819 haberemus

363 2884 493 2951 uncte
535 2882 801 2951 concessionum
843 2884 1080 2969 predictarum
1123 2884 1273 2969 predicti
1315 2884 1451 2951 domini
1493 2884 1563 2951 mei
1610 2884 1726 2973 Regis
1765 2888 1871 2955 nobis

363 3020 535 3087 facumm
560 3020 591 3085 si
620 3020 744 3086 eadent
767 3018 949 3086 libertates
970 3028 1008 3085 et
1032 3020 1220 3107 privilegia
1242 3019 1281 3085 in
1305 3040 1413 3087 manu
1439 3030 1562 3088 nostra
1592 3022 1870 3104 retinuissemus,

366 3154 491 3221 Castro
514 3164 551 3220 et
578 3152 724 3221 fossatis
749 3152 905 3221 eiusdem
929 3153 1099 3239 exceptis,
1125 3153 1184 3220 Ita
1208 3155 1304 3240 quod
1333 3154 1404 3240 ipsi
1428 3154 1546 3222 Maior
1569 3168 1606 3223 et
1629 3156 1877 3226 Commuuitas

365 3291 521 3357 eiusdem
550 3291 634 3357 ville
663 3302 699 3356 et
728 3308 948 3357 successores
980 3291 1036 3356 sui
1069 3290 1115 3357 ad
1151 3299 1265 3357 totam
1301 3290 1412 3358 vitam
1449 3302 1606 3361 nostram
1643 3314 1708 3381 per
1744 3315 1872 3363 manus

272 3406 275 3411 ⁵
364 3428 575 3493 ballivorum
610 3436 647 3493 et
682 3426 920 3493 ministrorum
957 3446 1099 3493 sucrum
1134 3425 1234 3507 fines,
1271 3426 1546 3513 redempciones,
1584 3431 1805 3499 reversiones
1834 3442 1874 3499 et

365 3566 639 3631 amerciamenta
673 3565 831 3630 omnium
866 3562 1049 3630 hominum
1085 3572 1122 3629 et
1157 3564 1358 3631 tenencium
1393 3566 1631 3649 predictorum
1661 3566 1752 3634 infra
1784 3589 1869 3654 pro·

367 3702 521 3769 ciuem
543 3702 628 3767 ville
656 3700 837 3767 Bristollie
858 3710 899 3765 ut
921 3700 1116 3785 predictum
1146 3710 1211 3781 est,
1238 3720 1281 3766 ac
1309 3700 1427 3767 smnus
1455 3700 1654 3769 forIsfactos
1682 3714 1720 3770 et
1748 3705 1872 3772 omnia

367 3859 437 3926 que
459 3839 507 3905 ad
534 3840 651 3925 ipsum
677 3838 1003 3905 metuendissimum
1029 3837 1211 3905 dominum
1237 3856 1355 3905 meum
1379 3838 1522 3925 Regem
1546 3848 1583 3905 et
1611 3840 1761 3908 heredes
1788 3861 1876 3909 suos

368 3979 425 4044 vel
445 3978 492 4043 ed
514 3996 580 4042 nos
600 3976 750 4041 durante
770 3974 846 4039 vita
867 3982 988 4041 nostra
1008 3975 1138 4041 virtute
1159 3975 1426 4042 concessionum
1442 3977 1679 4061 predictarum
1698 3979 1875 4063 pertinere

367 4121 533 4199 potentnt
554 4112 600 4177 de
622 4130 728 4193 auno,
751 4110 810 4175 die
832 4119 868 4176 et
889 4120 1002 4189 vasto,
1023 4108 1255 4177 forisfacturis
1275 4120 1313 4177 et
1333 4111 1486 4177 murdris
1507 4113 1553 4178 de
1573 4122 1610 4179 et
1631 4113 1669 4180 in
1691 4115 1870 4193 dominiis,

367 4247 545 4327 maneriis,
575 4246 687 4327 terris,
725 4244 935 4311 tenementis
971 4264 1014 4311 ac
1049 4245 1214 4311 omuibus
1250 4256 1287 4311 et
1322 4245 1475 4332 singulis
1511 4246 1600 4313 locis
1634 4249 1803 4334 predictis
1834 4260 1873 4317 et

368 4406 489 4452 eorum
525 4382 638 4449 feodis
675 4380 766 4449 infra
803 4382 1022 4467 procinctum
1059 4381 1142 4447 ville
1174 4381 1356 4448 Bristcllie
1392 4382 1636 4463 existentibus,
1674 4384 1800 4453 Castro
1834 4398 1874 4455 et

368 4525 512 4593 fossatis
540 4524 697 4590 eiusdem
739 4519 855 4589 castri
893 4520 1062 4605 exceptis.
1102 4540 1173 4606 que
1212 4540 1331 4587 coram
1374 4520 1587 4603 Justiciariis
1625 4523 1876 4593 itinerantibus

368 4664 416 4729 ad
452 4660 570 4728 omnia
610 4658 743 4746 placita
779 4669 816 4725 et
855 4657 988 4744 placita
1031 4656 1160 4723 foreste
1200 4678 1244 4724 ac
1280 4677 1400 4724 coram
1439 4657 1547 4723 dictis
1589 4656 1796 4727 Senescallo
1837 4672 1876 4730 et

368 4797 590 4875 Marescallo,
631 4794 846 4862 Coronatore
885 4813 950 4861 seu
983 4793 1119 4860 Clerico
1158 4792 1236 4859 fieri
1275 4802 1312 4861 et
1349 4794 1545 4861 adiudicari
1583 4795 1773 4881 contigerit
1810 4817 1878 4882 per

368 4942 545 5001 excactas
568 4931 757 4999 eorundem
778 4927 1057 5012 Justiciariomm
1081 4928 1326 4995 itinerancium
1355 4927 1394 4993 in
1424 4928 1609 4997 itineribus
1631 4931 1716 5013 suis,
1742 4931 1875 5001 Senes·

368 5070 451 5137 calli
478 5078 515 5135 et
542 5067 745 5135 Marescalli
773 5076 810 5133 et
839 5064 1066 5133 coronatoris
1095 5085 1138 5131 ac
1171 5064 1298 5133 Clerici
1327 5065 1366 5131 in
1395 5064 1614 5133 cessionibus
1639 5067 1713 5135 suis
1739 5069 1874 5137 eisdem
