4975 6309
574 804 645 909 390
907 780 1004 873 libe
1027 783 1166 875 little
1191 783 1519 875 recumbet
1548 782 1735 873 timul

561 996 790 1079 pertinenciis
827 997 996 1063 situatum
1032 996 1069 1063 in
1105 1000 1230 1065 eodem
1265 998 1356 1079 vico,
1392 1000 1485 1067 inter
1521 999 1704 1067 introitum
1741 999 1917 1087 mesuagii
1952 1000 2070 1068 vocati

561 1132 839 1221 Berewykishyn
867 1154 915 1201 ex
935 1144 1036 1221 parte
1065 1155 1136 1201 vna
1164 1145 1202 1203 et
1229 1137 1362 1223 sbopas
1397 1147 1539 1205 nostras
1573 1158 1665 1225 quas
1699 1139 1745 1208 de
1781 1158 1875 1205 nouo
1914 1136 2074 1205 edificari

560 1266 645 1335 fecit
671 1268 854 1353 Jobannes
884 1268 997 1339 Stoka
1026 1271 1160 1339 ibidem
1190 1292 1238 1339 ex
1269 1273 1392 1339 utera„
1436 1272 1611 1343 Dedimus
1639 1276 1752 1343 eciam
1772 1284 1810 1343 et
1834 1276 2073 1343 concessimus

560 1413 597 1471 et
640 1406 796 1489 presenti
839 1414 939 1473 carm
981 1418 1104 1474 nostra
1144 1406 1431 1477 confirmauimus
1474 1409 1610 1475 eisdem
1653 1410 1789 1477 Thoum
1833 1410 1994 1477 Bourton
2035 1419 2073 1477 et

559 1541 715 1626 Iohanni
742 1542 946 1625 Wodeford,
972 1546 1178 1632 capellanis,
1208 1555 1245 1613 et
1273 1566 1394 1613 eorum
1423 1546 1684 1615 successoribus
1711 1547 1910 1632 capellanis
1940 1548 2070 1633 imper·

559 1688 704 1763 petuum
747 1680 830 1749 illes
869 1682 1024 1769 quinque
1060 1684 1192 1770 shopas
1233 1693 1374 1751 nosuas
1412 1704 1494 1751 cum
1531 1702 1602 1751 vno
1638 1683 1770 1750 celario
1813 1684 1998 1769 adjacente
2033 1694 2070 1751 et

559 1816 635 1883 suis
662 1816 890 1903 pertinenciis
920 1818 1093 1887 uniuersis
1123 1819 1276 1887 situatas
1303 1821 1343 1886 in
1370 1820 1497 1887 eodem
1525 1820 1605 1886 vico
1642 1820 1681 1886 in
1716 1819 1876 1886 cornerio
1910 1820 2067 1905 ejusdem

559 1950 640 2031 sici,
665 1951 759 2020 inter
788 1953 1010 2042 mesuagium
1040 1954 1237 2041 predictum
1267 1976 1315 2024 ex
1336 1964 1440 2043 parte
1460 1977 1532 2024 vna
1552 1966 1590 2024 et
1610 1956 1748 2044 regiam
1768 1958 1865 2024 mam
1887 1958 1980 2025 sicut
2001 1958 2071 2025 itur

560 2106 683 2155 versus
731 2088 849 2157 vicum
901 2088 1025 2158 Sancti
1076 2091 1211 2158 Thome
1261 2112 1308 2159 ex
1354 2094 1477 2173 altera,
1525 2112 1616 2180 quas
1664 2095 1807 2180 quidem
1857 2096 1990 2182 sbopas
2034 2108 2071 2163 et

560 2226 728 2294 celarium
766 2228 945 2312 predictus
987 2228 1169 2313 Iohannes
1212 2227 1325 2297 Stoke
1361 2250 1473 2316 nuper
1508 2231 1555 2298 de
1591 2250 1686 2299 nouo
1721 2230 1879 2299 edificari
1914 2230 1999 2299 fecit
2032 2242 2070 2300 et

560 2368 664 2437 nobis
692 2377 729 2435 et
756 2370 944 2437 heredibus
972 2370 1103 2437 nostris
1131 2369 1169 2435 in
1198 2377 1411 2437 memmento
1443 2388 1510 2436 suo
1545 2388 1696 2435 mecum
1717 2366 1856 2434 duobus
1876 2366 2069 2455 mesuagiis

559 2515 597 2573 et
638 2506 713 2573 suis
748 2508 913 2575 omnibus
949 2506 1178 2593 pertinenciis
1213 2506 1385 2591 predictis
1421 2506 1568 2593 legauit.
1629 2504 1807 2573 Habenda
1842 2513 1879 2571 et
1914 2505 2068 2571 mnenda

558 2642 720 2729 predicta
756 2644 952 2731 mesnagis,
989 2646 1122 2729 shopas
1154 2653 1191 2712 et
1219 2644 1389 2711 celarium
1417 2660 1498 2709 cum
1527 2642 1694 2709 omnibus
1730 2642 1805 2707 suis
1839 2640 2068 2727 pmtinenoiis

559 2779 704 2867 prefatis
760 2781 898 2849 Thome
948 2782 1096 2861 Burton,
1146 2780 1303 2865 Joheuni
1362 2779 1567 2860 Wodeiord,
1619 2776 1825 2863 capellanis,
1878 2794 2069 2859 eorumque

558 2916 818 2983 successoribus
854 2916 1049 3003 capellanis
1085 2916 1354 3003 imperpetuum.
1397 2916 1568 2983 Teneoda
1595 2916 1642 2981 de
1663 2912 1879 2999 capitalibus
1912 2910 2067 2978 dominis

558 3050 652 3117 feodi
680 3070 744 3137 per
772 3029 922 3119 seruicia
951 3052 1034 3120 inde
1063 3051 1108 3118 de
1134 3052 1214 3136 J'ure
1242 3052 1364 3119 debita
1392 3063 1429 3121 et
1448 3062 1622 3120 consueta
1644 3052 1691 3118 ad
1711 3050 1835 3116 diuina
1856 3047 2068 3115 celebranda

558 3190 816 3277 imperpetuum
845 3192 998 3279 singulis
1026 3192 1151 3258 diebus
1182 3191 1230 3255 ad
1260 3190 1372 3257 altare
1400 3190 1438 3255 in
1463 3190 1603 3277 capelia
1625 3186 1758 3255 Sancte
1781 3186 1897 3251 Maria
1916 3183 2066 3271 virginis

557 3326 705 3395 ecclesie
741 3324 866 3395 Sancti
907 3327 1053 3408 Thome,
1097 3326 1290 3405 Bristollie,
1333 3326 1396 3419 vbi
1438 3344 1567 3410 corpus
1608 3324 1783 3409 Jobannis
1824 3324 1937 3390 stoke
1969 3324 2066 3409 jacet

557 3464 753 3543 humatum,
776 3484 841 3551 pro
867 3464 1003 3533 salubri
1027 3474 1124 3532 statu
1152 3462 1442 3531 excellentissimi
1471 3462 1607 3529 domini
1636 3460 1749 3528 nostri
1778 3460 1928 3527 Ricardi
1950 3458 2066 3545 Regis

557 3613 711 3664 nuncet
736 3617 801 3683 pro
823 3608 919 3665 statu
941 3598 1090 3684 Maioris
1111 3612 1147 3665 et
1171 3598 1445 3666 communitatis
1470 3598 1662 3677 Bristollie,
1685 3617 1824 3665 necnon
1846 3615 1911 3683 pro
1932 3596 2066 3663 salubri

557 3744 653 3801 statu
680 3745 803 3802 nostm
831 3745 868 3803 et
893 3736 1060 3829 Jobaune
1086 3736 1207 3803 vxoris
1235 3735 1385 3821 predicti
1413 3734 1589 3818 Jobannis
1614 3736 1727 3802 Stoke
1751 3735 1837 3800 dum
1861 3734 2066 3813 vixerimus,

556 3883 594 3938 et
620 3892 686 3959 pro
718 3874 906 3942 animabus
936 3874 1071 3941 domini
1093 3874 1261 3941 Edwardi
1287 3892 1400 3958 nuper
1421 3872 1537 3959 Regis
1558 3872 1693 3959 Anglie
1714 3871 1816 3938 tercii
1843 3882 1880 3937 et
1902 3869 2068 3955 Philipps

475 4024 491 4049 b
557 4006 740 4076 Consortis
769 4028 843 4091 sue,
873 4010 1009 4077 domiui
1040 4010 1206 4078 Edwardi
1234 4008 1302 4075 filii
1330 4010 1385 4076 sui
1414 4010 1644 4096 primogeniti
1673 4028 1717 4076 ac
1745 4026 1867 4075 eorum
1903 4005 2069 4094 progeni·

556 4148 695 4231 torum,¹
723 4159 760 4217 et
782 4170 847 4237 pro
874 4150 1062 4225 animabus
1080 4150 1256 4235 Jobannis
1278 4150 1400 4231 Stoice,
1422 4147 1561 4235 Rogen'
1581 4144 1694 4214 Stoke
1715 4158 1751 4212 et
1771 4144 1927 4231 Agnetis
1948 4142 2067 4209 uxoris

555 4284 643 4369 ejus,
674 4286 787 4372 patris
814 4295 851 4354 et
879 4287 1003 4355 mamis
1032 4288 1181 4373 predicti
1208 4286 1384 4372 Jobannis
1411 4284 1534 4365 Stoice,
1563 4284 1681 4350 Alicia
1710 4291 1747 4349 et
1772 4280 1892 4348 Isolde
1916 4299 2064 4347 uxorum

556 4420 642 4487 dicti
657 4420 838 4503 Jobannis
859 4418 982 4501 Stoice,
1005 4421 1140 4488 domini
1163 4422 1328 4489 Mauricii
1350 4422 1478 4508 Wych,
1501 4420 1635 4499 militis,
1660 4418 1807 4485 Walteri
1829 4416 2065 4503 Monyngton,

557 4555 712 4625 Abbatis
764 4556 960 4639 Glastonie,
1014 4559 1161 4625 Andree
1215 4557 1416 4635 Bramcote,
1469 4557 1606 4624 Th0me
1656 4556 1786 4642 Wych,
1838 4554 2069 4619 Monaoorum

560 4692 756 4775 Glaetonie,
785 4694 953 4782 Hugonis
982 4694 1129 4776 Pecche,
1160 4694 1310 4763 Galfridi
1340 4694 1549 4763 Beaufloure
1577 4703 1615 4761 et
1642 4713 1707 4780 pro
1731 4692 1920 4758 animabus
1940 4688 2070 4776 quibus

388 4847 477 4911 true.
562 4830 677 4899 dictus
704 4833 885 4916 Jobannes
911 4830 1023 4901 Stulte
1052 4838 1237 4903 tenebatur
1272 4835 1310 4900 in
1348 4834 1422 4901 vita
1458 4853 1534 4912 sua,
1571 4840 1608 4899 et
1644 4831 1832 4897 animabus
1867 4827 1999 4895 nostris
2033 4834 2071 4891 et

561 4971 723 5055 Johanne
751 4972 872 5038 uxoris
900 4972 1048 5057 predicti
1076 4972 1250 5055 Jobannis
1279 4970 1391 5038 Stoke
1407 4934 1499 5037 'cum
1526 4969 1572 5036 de
1593 4969 1662 5035 hac
1689 4968 1767 5033 luce
1789 4963 2069 5053 migrauerimus‚

1149 5142 1160 5175 ¹
1178 5142 1239 5196 MS.
1256 5142 1487 5211 primogenitorum.
