4975 6309
769 765 867 860 (ibe
889 765 1305 859 ltttlcticotioob
1330 768 1381 858 ot
1411 767 1597 862 ennon
1862 778 1929 867 183

418 980 584 1067 Johcnne
603 980 725 1049 vxoris
746 1001 810 1050 sue
830 980 868 1049 in
891 980 1052 1049 mrstodie
1072 1000 1139 1047 sus
1159 980 1353 1049 existentes
1374 980 1413 1050 in
1433 982 1599 1080 omnibus
1619 982 1694 1049 suis
1716 982 1925 1077 recesserim

420 1120 512 1189 bene
548 1128 585 1186 et
622 1118 788 1187 decenter
826 1119 1041 1186 sustentabit
1070 1126 1107 1185 et
1135 1127 1377 1205 competenter
1414 1115 1522 1186 faciet
1561 1115 1743 1187 informari
1778 1120 1929 1186 durante

417 1256 569 1325 termino
597 1256 768 1343 predicto.
810 1254 873 1324 Ad
900 1276 970 1343 que
997 1253 1121 1322 omnia
1155 1253 1330 1341 premissa
1363 1252 1515 1322 fideliter
1546 1252 1710 1323 faciende
1748 1253 1928 1341 predictus

417 1389 599 1476 Iohannes
628 1392 749 1458 Brook
774 1389 913 1479 obliget
942 1410 993 1475 se,
1021 1391 1170 1459 heredes
1199 1400 1236 1458 et
1264 1399 1469 1459 executores
1497 1410 1582 1459 suos
1609 1409 1652 1457 nc
1680 1390 1801 1457 omnis
1820 1391 1927 1469 bona,

418 1528 559 1609 estella,
589 1538 703 1595 terres
730 1536 767 1595 et
792 1538 996 1595 tenemento
1021 1548 1097 1608 sue,
1132 1528 1178 1595 ed
1213 1545 1513 1614 quorumcumque
1547 1544 1675 1592 manus
1709 1524 1930 1605 deuenerint,

415 1661 616 1732 cohercioni
644 1672 681 1730 et
709 1663 926 1731 districcioni
955 1660 1105 1749 Maioris
1133 1661 1218 1730 ville
1246 1664 1404 1749 predicte
1431 1665 1493 1750 qui
1520 1682 1585 1749 pro
1615 1672 1775 1749 tempore
1808 1660 1925 1731 fuerit.

416 1798 466 1866 Et
504 1801 552 1867 ed
591 1800 762 1885 majorem
802 1800 958 1867 omnium
1002 1798 1255 1888 premissorum
1297 1801 1522 1868 securitatem
1564 1802 1657 1867 bene
1694 1810 1732 1867 et
1770 1798 1922 1868 fideliter

416 1935 699 2022 perimplendmn
726 1936 909 2020 Johannes
938 1936 1049 2025 Clyue
1083 1936 1273 2022 burgensis
1308 1936 1392 2003 ville
1428 1936 1610 2003 Bristollie
1644 1936 1852 2025 recognouit
1886 1955 1927 2003 se

418 2082 706 2159 manucaptorem
734 2083 771 2141 et
807 2072 1041 2159 principalem
1075 2074 1271 2142 debitorem
1309 2092 1374 2161 pro
1414 2072 1551 2161 prefato
1589 2073 1754 2158 Johsnne
1791 2072 1924 2139 Brook.
1957 2074 1960 2079 ’

417 2207 475 2277 Its
514 2210 610 2295 quod
649 2206 766 2295 Major
804 2209 890 2277 ville
932 2208 1113 2278 Bristollie
1152 2210 1214 2295 qui
1251 2229 1318 2296 pro
1357 2223 1515 2295 tempore
1555 2206 1660 2277 fuerit
1701 2206 1779 2276 fieri
1815 2201 1928 2275 faciat

418 2347 582 2415 denarios
617 2346 795 2433 predictos
824 2346 1002 2415 debonis
1036 2357 1074 2415 et
1108 2346 1260 2429 catallis,
1296 2346 1399 2413 terris
1435 2354 1471 2413 et
1506 2345 1720 2413 tenementis
1756 2344 1841 2423 suis,
1878 2343 1925 2410 sd

418 2501 717 2571 quorumcumque
744 2500 872 2550 manus
899 2482 1117 2563 deuenerint,
1143 2484 1175 2551 si
1195 2482 1374 2570 predictus
1396 2449 1578 2566 Iohannes
1605 2482 1726 2549 Brook
1746 2480 1784 2548 in
1806 2481 1927 2568 aliquo

417 2618 669 2707 premissorum
696 2617 863 2686 defecerit
886 2620 991 2705 juxte
1019 2630 1177 2687 tenorem
1206 2628 1303 2687 certe
1327 2619 1463 2687 domini
1493 2619 1611 2708 Regis
1633 2620 1672 2686 in
1695 2618 1868 2685 auxilium
1888 2626 1926 2685 et

417 2757 574 2827 fauorem
603 2758 841 2843 orphanorum
869 2758 955 2825 ville
982 2758 1140 2845 predicte
1160 2758 1397 2847 burgensibus
1417 2758 1577 2843 ejrrsdem
1598 2758 1684 2825 viiie
1706 2774 1882 2823 concesse.

652 3008 767 3088 PRO
820 3008 1111 3086 ORPHANIS
1159 3006 1451 3104 JOHANNIS
1497 3006 1703 3084 FRERE.
1851 3049 1856 3057 =

548 3176 626 3245 Die·
654 3174 793 3245 veneris
827 3174 989 3262 proximo
1021 3184 1104 3243 ente
1138 3173 1268 3242 festum
1297 3172 1423 3243 Sancti
1454 3172 1638 3241 Laurentii
1674 3171 1833 3241 Munitis
1867 3168 1928 3263 [ro
1985 3200 2049 3251 η,
2063 3210 2123 3252 m

419 3312 544 3405 Aug.]‚
575 3332 670 3381 anno
694 3312 796 3401 regn
824 3312 941 3400 nege
968 3310 1115 3379 Hense
1143 3311 1236 3378 sexti
1264 3321 1348 3397 post
1382 3319 1614 3397 conquestum
1644 3308 1780 3396 Angue
1811 3308 1926 3394 primo
1951 3262 2153 3396 ffifflniii

422 3448 552 3543 [1423],
570 3452 607 3518 in
622 3450 814 3539 Guyhelde
831 3450 916 3517 ville
930 3448 1112 3517 Bristollie
1131 3448 1170 3515 in
1188 3448 1296 3535 pleno
1316 3446 1514 3513 Hundredo
1533 3445 1666 3513 ibidem
1685 3454 1786 3515 tento
1807 3466 1926 3513 corum

419 3587 542 3657 Meroe
580 3586 752 3669 Willism,
793 3586 931 3674 Majore
973 3586 1058 3653 ville
1100 3585 1293 3665 Bristollie,
1337 3593 1511 3651 venerunt
1551 3584 1734 3651 Robertus
1776 3582 1923 3662 Coiviie,

419 3722 610 3803 merchant,
633 3731 669 3788 et
690 3720 846 3792 Tbomes
864 3722 1009 3812 Colyns,
1028 3722 1179 3803 Webbe,
1202 3721 1406 3809 Burgenses
1426 3720 1586 3807 ejusdem
1604 3719 1700 3800 ville,
1720 3727 1926 3787 executores

418 3858 621 3926 testamenti
647 3856 823 3943 Johunnis
851 3858 957 3927 Frere
986 3858 1146 3939 senioris,
1187 3877 1300 3943 nuper
1335 3856 1524 3944 burgensis
1559 3854 1644 3921 ville
1684 3853 1852 3941 predicte,
1888 3862 1926 3920 et

416 4007 697 4082 recognouerunt
732 4015 771 4062 se
810 3994 985 4083 recepisse
1024 3994 1221 4061 custodiam
1255 4012 1441 4081 corporum
1481 3992 1634 4059 Roberti
1671 3990 1778 4058 Frere
1817 3991 1925 4059 etatis

417 4132 611 4199 octodecim
661 4150 834 4199 unnomm
883 4140 920 4199 et
967 4131 1115 4200 Henrici
1159 4130 1268 4199 Frere
1321 4130 1430 4199 etatis
1481 4128 1683 4217 quindecim
1738 4148 1923 4209 annorum,

416 4268 604 4337 liberorum
634 4268 721 4335 dicti
747 4266 922 4353 Johennis
950 4268 1058 4336 Frere
1092 4268 1251 4349 senioris,
1283 4287 1436 4358 vnscurn
1471 4267 1710 4355 quadraginta
1745 4266 1847 4334 libris
1885 4266 1924 4334 in

415 4404 567 4491 pecunie
590 4414 777 4473 numerata
794 4426 858 4492 per
882 4406 1052 4490 maiorem
1074 4414 1112 4471 et
1133 4408 1265 4491 probos
1289 4405 1452 4473 homines
1473 4406 1559 4472 ville
1576 4405 1800 4503 predicte-de
1818 4405 1924 4473 bonis

416 4550 453 4609 et
480 4542 620 4609 catellis
647 4542 806 4631 ejusdem
833 4541 1008 4626 Jobennis
1036 4542 1143 4610 Frere
1168 4542 1329 4624 senioris,
1358 4543 1397 4609 in
1426 4552 1639 4610 testamento
1673 4539 1739 4611 suo
1775 4540 1923 4629 prefatis

417 4678 577 4747 Roberto
602 4678 708 4745 Frere
729 4688 766 4746 et
790 4676 949 4748 Henrico
973 4679 1081 4747 Frere
1103 4681 1298 4769 assignetis
1320 4689 1358 4747 et
1386 4680 1572 4756 ordinatis,
1595 4679 1761 4747 videlieet
1783 4680 1923 4769 vtrique

416 4834 537 4883 eorum
564 4812 695 4903 viginti
723 4816 834 4885 libres
863 4817 909 4884 sd
938 4836 1000 4885 eas
1024 4818 1126 4885 seluo
1156 4818 1202 4885 sd
1230 4836 1321 4905 opus
1350 4816 1429 4901 eius
1463 4816 1714 4884 custodiendas
1742 4835 1927 4905 quousque

417 4952 463 5019 sd
490 4951 636 5038 plenem
663 4961 796 5021 etatem
825 4972 927 5021 susm
955 4954 1155 5039 peruenerit
1190 4962 1227 5021 et
1264 4954 1409 5021 easdem
1448 4952 1577 5039 viginti
1616 4953 1727 5019 libres
1765 4962 1851 5019 tunc
1890 4954 1926 5020 ei

416 5089 619 5158 liberendas
657 5101 696 5158 et
735 5092 935 5161 soluendus.
993 5088 1042 5158 Et
1082 5091 1115 5159 si
1153 5091 1282 5178 uliquis
1320 5091 1511 5158 eorundem
1550 5088 1704 5157 Roberti
1742 5086 1849 5155 Frere
1888 5097 1926 5155 et
