4975 6309
736 682 834 773 tte
858 682 998 771 ltttte
1021 681 1121 771 tito
1146 680 1276 771 boob
1300 681 1351 771 ot
1380 680 1568 773 mttotot

441 896 626 964 Willelmo
641 895 788 963 Selicok

313 1048 315 1053 ,
398 984 455 1052 De
468 985 631 1052 seham
644 984 759 1051 Beehe
773 1003 838 1069 pro
855 983 943 1051 turri
957 1004 1065 1071 quam
1079 983 1258 1050 inhabitat
1403 1031 1411 1047 .
1545 1030 1553 1047 .

255 1158 260 1169 ·
589 1120 772 1187 Willelmo

399 1207 456 1275 De
469 1208 594 1275 eodem
608 1208 771 1275 iohanne
787 1226 852 1292 pro
874 1228 975 1275 muro
990 1207 1122 1274 ibidem
1268 1255 1277 1271 .
1410 1253 1419 1272 .
1552 1256 1560 1271 .

486 1354 592 1411 vocat
607 1344 691 1429 quia
704 1344 744 1410 in
758 1346 922 1411 manibus
938 1316 1201 1411 communitatis

398 1432 1325 1521 Deoodfflnweffldffiifflfflelfflb
1409 1478 1416 1493 ·
1550 1478 1558 1493 ·

396 1567 453 1635 De
466 1568 604 1634 Tnome
618 1567 815 1634 Denebeud
830 1588 895 1653 pro
908 1567 1075 1635 exteriori
1088 1578 1192 1654 porta
1207 1568 1254 1635 de
1270 1567 1399 1634 Frome
1547 1615 1555 1631 .

399 1708 456 1773 De
470 1706 633 1790 Johanne
647 1708 792 1792 Ropere
805 1726 871 1791 pro
885 1714 1087 1773 tenemento
1102 1706 1235 1773 ibidem

444 1842 823 1911 WillelmoSomerset
1304 1851 1308 1857 ’

402 1932 459 1999 De
472 1932 636 1999 seem
649 1932 748 2017 Buff
760 1951 825 2015 pro
839 1931 927 1997 tuni
941 1930 1183 2019 propinquiori
1197 1931 1287 1997 turri
1301 1928 1457 1997 inferiori
1470 1932 1565 1999 ultra

486 2076 625 2152 portam
640 2066 772 2133 ibidem
787 2086 834 2133 ex
847 2076 949 2151 perte
963 2066 1128 2133 orientali
1268 2114 1277 2131 .
1410 2114 1419 2131 .
1552 2112 1561 2130 .

462 2202 668 2287 Margareta
1364 2271 1367 2275 .

402 2289 460 2357 De
473 2289 636 2356 hemo
650 2288 846 2375 Cobyndon
861 2308 926 2376 pro
940 2289 989 2374 iiij
1008 2289 1130 2374 shopis
1144 2289 1182 2355 in
1197 2287 1367 2356 Horstret
1409 2338 1418 2355 .
1551 2340 1559 2356 .

402 2426 461 2494 De
474 2424 636 2509 Johenne
650 2426 834 2493 Malverne
854 2446 919 2511 pro
942 2436 1142 2493 tenemento
1164 2444 1277 2511 nuper
1301 2424 1421 2492 David
1441 2426 1566 2493 Daun-

489 2564 629 2651 devylle
644 2564 775 2631 ibidem
842 2609 1562 2630 ......

467 2702 592 2767 eodem
607 2700 771 2783 Johenne

404 2785 463 2853 De
486 2786 603 2853 eben
626 2788 730 2855 Pioee
753 2808 817 2872 pro
842 2787 956 2873 shopa
977 2806 1024 2853 ex
1049 2786 1213 2874 opposito
1241 2785 1389 2853 ecclesie
1418 2785 1566 2853 fratrum

402 3061 459 3127 De
488 3059 671 3127 Willelmo
699 3061 835 3128 Barber
866 3082 931 3147 pro
963 3061 1052 3129 turri
1086 3063 1188 3130 iuxta
1223 3060 1411 3129 ecclesiam
1447 3064 1566 3131 sancti

491 3200 666 3286 Johennis
699 3249 1564 3268 .......

825 3360 915 3453 [The
927 3366 988 3429 two
1001 3367 1085 3429 next
1095 3361 1218 3429 enirm
1230 3382 1289 3429 arc
1302 3360 1498 3453 additions}

401 3516 458 3583 De
473 3516 630 3583 Ricardo
646 3516 802 3603 Hudeyn
817 3537 881 3602 pro
896 3518 919 3602 ij
937 3517 1078 3602 schopis
1123 3565 1131 3581 .
1266 3564 1275 3581 .
1408 3563 1417 3581 .
1554 3564 1562 3580 .

403 3649 460 3715 De
474 3649 641 3733 Johanne
655 3652 831 3738 Mautagu

405 3786 460 3852 ΒΘ
473 3786 586 3874 stopa
599 3787 856 3875 {menaehem

492 3924 626 3991 whom
639 3926 800 4013 Bebem
842 3925 899 3993 De
914 3928 1075 3994 Roberto
1090 3926 1252 3995 Cheddre

404 4007 461 4075 De
474 4010 637 4079 debeone
650 4014 836 4101 Wyeemb3
858 4034 923 4098 pro
938 4014 1076 4079 duobus
1090 4015 1229 4081 celeriis
1243 4014 1375 4081 ibidem
1415 4063 1423 4080 .
1558 4064 1566 4080 .

405 4144 462 4212 De
476 4146 640 4230 Johenne
655 4148 810 4217 Blanket
824 4170 888 4235 pro
904 4158 1107 4218 tenemento
1123 4152 1160 4216 in
1175 4150 1377 4237 Gropelane
1415 4199 1423 4218 .
1558 4202 1565 4217 .

407 4279 464 4346 De
477 4278 641 4363 Johenne
657 4292 731 4349 atte
747 4282 848 4351 Celer
862 4304 927 4369 pro
943 4294 1146 4353 tenemento
1162 4286 1293 4354 ibidem
1414 4334 1424 4353 .
1557 4339 1565 4354 .

495 4418 701 4487 Alexandro
716 4422 823 4509 Moys

406 4502 463 4571 De
488 4506 651 4573 seham
678 4508 834 4576 Rieheed
862 4530 928 4595 pro
950 4510 1039 4577 turri
1063 4518 1157 4576 retro
1182 4512 1326 4578 domum
1352 4532 1454 4578 suam
1476 4512 1571 4579 unde

495 4642 619 4709 eadem
635 4644 760 4711 domus
776 4646 957 4734 obligatur
987 4694 997 4713 .

448 4776 563 4845 Eiena
577 4781 756 4865 quondam
772 4804 880 4849 uxore
894 4784 1068 4868 Johennis
1084 4784 1232 4851 Toriton

406 4862 464 4931 De
498 4864 683 4957 ΜΝ]
719 4870 912 4956 hempta
952 4892 1017 4956 pro
1057 4873 1171 4958 shopa
1209 4882 1293 4939 ente
1331 4881 1571 4940 tenementum

494 5000 670 5083 Johannis
684 5002 801 5071 Bathe
821 5006 859 5073 in
874 5006 1203 5095 Knyfsmytbestret
1276 5059 1284 5074 .
1417 5058 1427 5077 .
1559 5056 1568 5075 .
