4975 6309
607 767 656 857 58
841 893 846 902 Ι
942 757 1038 846 ube
1062 757 1200 846 little
1224 759 1324 847 lieu
1348 758 1478 849 soot
1503 759 1553 847 oi
1584 759 1771 851 aristot

607 980 643 1039 et
656 991 819 1039 recusare
831 973 948 1058 legem
964 971 1207 1039 mercatoriam
1221 974 1314 1038 bene
1328 980 1478 1057 possunt
1491 981 1528 1038 et
1543 972 1595 1038 ita
1609 972 1745 1040 faciunt
1766 972 1987 1041 communius
2008 993 2114 1059 quam

607 1109 712 1176 aliter
723 1127 788 1194 per
801 1116 915 1174 totum
930 1127 1090 1195 regnum.

613 1439 891 1536 QUOMODO
938 1439 1062 1517 LEX
1107 1440 1311 1517 MERCA
1321 1442 1359 1517 T
1355 1441 1488 1517 ORIA
1543 1440 1803 1517 DIFFERT
1856 1441 1897 1517 A
1957 1441 2118 1518 LEGE

1172 1688 1175 1697 .
1225 1617 1502 1695 COMMUNI.

738 1805 815 1872 Lex
840 1808 987 1874 mercati
1011 1805 1129 1873 differt
1154 1828 1177 1873 a
1203 1809 1382 1875 communi
1408 1808 1488 1894 lege
1512 1809 1613 1894 regni
1638 1808 1752 1874 tribus
1775 1808 1891 1875 modis
1900 1831 1909 1885 ς
1937 1807 1975 1874 in
1990 1829 2120 1896 genere
2209 1843 2211 1847 ·

609 1945 725 2030 primo
738 1943 833 2029 quod
848 1943 996 2009 celerius
1011 1943 1183 2009 deliberat
1199 1963 1237 2009 se
1254 1945 1380 2029 ipsam.
1426 1942 1592 2010 Secundo
1615 1943 1711 2028 quod
1732 1943 1795 2027 qui
1814 1942 1951 2029 plegiat
1965 1943 2118 2030 aliquem

609 2080 656 2145 ad
691 2079 973 2165 respondendum
1003 2080 1048 2145 de
1076 2079 1369 2165 transgressione,
1395 2079 1645 2158 conuencione,
1679 2078 1801 2145 debito
1824 2099 1884 2145 seu
1911 2079 2119 2146 catellorum

608 2214 825 2294 detencione,
863 2214 1001 2300 plegiat
1036 2223 1149 2281 totum
1186 2217 1355 2293 debitum,
1395 2217 1551 2300 dampna
1580 2224 1616 2281 et
1645 2235 1821 2300 expensas
1851 2215 2049 2300 querentis;
2086 2216 2117 2282 si

494 2389 500 2401 ·
607 2349 787 2438 plegiatus
801 2370 886 2416 suus
909 2350 1093 2417 conuictus
1107 2351 1154 2416 sit
1168 2357 1205 2416 et
1219 2370 1291 2416 non
1307 2347 1457 2416 sufficiat
1472 2350 1564 2416 infra
1577 2351 1717 2416 bundas
1739 2351 1895 2430 mercati,
1918 2361 1955 2416 et
1976 2351 2009 2417 si
2029 2348 2117 2417 forte

607 2487 787 2575 plegiatus
815 2487 876 2552 ille
904 2487 1018 2571 primo
1046 2487 1092 2551 sit
1117 2487 1333 2552 attachiatus
1352 2505 1416 2570 per
1435 2487 1579 2552 vadium
1606 2487 1682 2552 siue
1701 2505 1765 2570 per
1784 2486 1916 2552 catalla
1935 2495 1972 2552 et
1993 2494 2119 2571 postea

605 2597 751 2690 ’vadium
774 2624 863 2690 illud
886 2623 1109 2708 elongauerit
1125 2623 1183 2688 vel
1207 2623 1392 2688 dimissum
1415 2609 1520 2688 fuerit
1542 2641 1607 2707 per
1628 2621 1833 2688 huiusmodi
1860 2620 2118 2708 plegiacionem

608 2779 673 2846 per
703 2759 921 2845 prepositum
957 2759 1104 2825 mercati
1139 2769 1242 2825 extra
1277 2759 1417 2824 bundas
1453 2747 1609 2838 mercati,
1634 2759 1847 2843 respondeat
1872 2759 2051 2844 plegiatus
2074 2759 2119 2824 de

608 2904 811 2971 huiusmodi
823 2902 930 2969 vadio
945 2923 1007 2969 seu
1021 2903 1097 2968 eius
1112 2903 1230 2988 precio
1247 2903 1350 2972 Curie
1372 2923 1435 2968 seu
1456 2902 1627 2987 querenti.
1672 2901 1721 2968 Et
1742 2901 1851 2967 tercio
1873 2902 1979 2968 modo
2002 2899 2118 2968 differt

608 3049 647 3116 in
670 3069 714 3115 eo
738 3048 833 3134 quod
855 3066 927 3112 non
953 3046 1109 3112 admittit
1134 3047 1286 3132 aliquem
1314 3047 1360 3113 ad
1383 3048 1500 3131 legem
1523 3045 1559 3110 in
1579 3037 1682 3131 parte
1702 3019 1881 3130 negatiua,
1898 3047 1961 3110 sed
1976 3065 2115 3130 semper

608 3191 648 3258 in
672 3191 744 3258 ista
765 3191 847 3276 lege
872 3190 1051 3276 querentis
1075 3199 1131 3256 est
1155 3191 1317 3276 probare,
1341 3199 1381 3255 vt
1405 3209 1469 3274 per
1494 3198 1628 3256 sectam
1653 3190 1710 3254 vel
1734 3207 1798 3274 per
1823 3187 1955 3256 lactum
1978 3208 2042 3256 seu
2055 3207 2119 3274 per

607 3346 794 3422 vtmmque
822 3343 860 3402 et
888 3355 961 3401 non
990 3333 1223 3401 defendentis.
1283 3334 1332 3399 Et
1368 3336 1486 3420 quoad
1516 3333 1597 3413 alia,
1624 3342 1664 3398 vt
1693 3333 1812 3418 quoad
1840 3332 2119 3419 prosecutiones,

608 3479 841 3559 defensiones,
865 3479 1019 3559 essonia,
1043 3479 1174 3546 defalte
1197 3478 1405 3559 dilationes,
1429 3478 1560 3544 iudicia
1585 3485 1621 3544 et
1650 3476 1882 3543 execuciones
1910 3475 2118 3543 iudiciorum

608 3623 851 3693 obsemandus
875 3632 931 3688 est
955 3623 1049 3688 idem
1076 3605 1264 3707 processus
1290 3623 1328 3688 in
1356 3622 1514 3707 utrisque
1543 3622 1693 3706 legibus.
1746 3619 1795 3686 Et
1818 3621 2001 3686 sciendum
2024 3621 2119 3705 quod

608 3771 839 3856 quiscumque
861 3769 986 3834 emerit
1012 3768 1147 3853 aliquid
1177 3770 1234 3835 vel
1263 3768 1517 3854 permutauerit
1542 3787 1622 3834 cum
1648 3777 1853 3847 mercatore,
1883 3769 1960 3834 siue
1983 3778 2120 3853 emptor

609 3914 672 3980 ille
700 3934 763 3980 seu
790 3922 1010 3998 permutator
1036 3912 1140 3978 fuerit
1169 3922 1343 3980 mercator
1365 3911 1440 3978 siue
1462 3932 1545 3991 non,
1561 3911 1646 3978 dum
1668 3920 1789 3977 tamen
1817 3929 1875 3977 res
1903 3911 1967 3976 ills
1997 3911 2044 3977 sit
2072 3912 2117 3978 de

610 4057 832 4126 mercandisa
845 4076 911 4124 sua
925 4075 988 4122 seu
1003 4056 1050 4122 ad
1063 4057 1320 4124 mercandisam
1336 4075 1437 4122 suam
1452 4064 1618 4140 spectans
1632 4064 1669 4120 et
1683 4062 1820 4140 emptor
1835 4053 1895 4120 ille
1910 4053 2004 4120 diem
2017 4073 2118 4122 suum

609 4219 733 4282 versus
746 4207 975 4265 mercatorem
990 4199 1074 4266 inde
1087 4219 1159 4265 non
1182 4198 1386 4278 seruauerit,
1411 4207 1550 4264 tenetur
1570 4198 1685 4264 eidem
1708 4197 1894 4265 mercatori
1908 4199 2119 4284 respondere

611 4341 803 4410 secundum
829 4340 946 4425 legem
969 4339 1213 4404 mercatoriam
1237 4341 1436 4427 ubicunque
1460 4342 1677 4427 apprehendi
1703 4361 1766 4408 seu
1785 4341 1974 4408 attachiari
1988 4345 2118 4428 poterit

611 4483 704 4551 infra
731 4491 846 4550 metas
873 4483 1046 4550 dictorum
1075 4507 1108 4552 v.
1138 4486 1304 4553 locorum.
1364 4487 1412 4554 Et
1440 4497 1496 4556 est
1523 4489 1617 4556 idem
1643 4489 1734 4575 juris
1765 4489 1798 4556 sl
1834 4499 2008 4557 mercator
2045 4512 2116 4560 non

612 4625 805 4697 seruauerit
818 4625 912 4692 diem
927 4645 1029 4692 suum
1044 4648 1167 4694 versus
1178 4629 1286 4696 alium
1302 4629 1532 4716 quiscumque
1542 4631 1604 4698 ille
1618 4631 1710 4698 alius
1725 4631 1782 4712 sit,
1799 4631 1875 4698 siue
1890 4631 1937 4698 sit
1948 4643 2120 4700 mercator

612 4774 690 4841 siue
732 4790 816 4852 non,
859 4769 929 4835 nisi
972 4768 1063 4838 forte
1097 4783 1217 4857 partes
1247 4775 1515 4841 consensierunt
1556 4783 1595 4842 et
1630 4776 1831 4842 maluerunt
1866 4775 2038 4861 placitare
2074 4779 2120 4845 ad

612 4933 832 4983 communem
847 4913 964 4998 legem
978 4914 1016 4979 in
1030 4915 1164 5016 eisdem
1178 4917 1383 4984 ciuitatibus
1397 4929 1434 4986 et
1447 4919 1485 4984 in
1506 4920 1640 4986 eisdem
1662 4920 1722 4986 vbi
1743 4921 1879 4987 habent
1899 4919 2016 4988 curias
2035 4931 2118 5007 post

612 5061 749 5142 feriam,
764 5058 876 5126 tidam
888 5068 926 5124 et
940 5070 1131 5126 mercatum
1147 5071 1184 5127 et
1197 5063 1236 5128 in
1251 5064 1378 5148 quibus
1393 5063 1536 5130 deducit
1550 5063 1611 5131 lex
1624 5067 1831 5132 communis.
