4975 6309
583 772 655 845 ns
915 760 1012 854 libe
1035 760 1527 854 littletlcotiooltot
1556 762 1744 856 ddstol

577 997 659 1046 cum
702 985 927 1064 neumpmate
968 976 1056 1045 dicti
1098 976 1332 1045 anniuersarii
1380 977 1671 1045 interessentibus
1721 987 1759 1045 et
1807 978 2079 1060 celebrantibus,

577 1113 722 1183 crrilibet
756 1132 877 1181 eorum
913 1112 1010 1199 iiijd„
1047 1122 1084 1181 et
1119 1112 1265 1181 cuilibet
1299 1116 1491 1183 concentui
1525 1126 1677 1202 quatuor
1716 1116 1880 1185 ordinum
1916 1118 2080 1188 Pramum

576 1251 852 1319 mendicantium
897 1252 993 1317 dicte
1034 1249 1120 1317 ville
1163 1249 1253 1317 duos
1289 1248 1422 1319 solidos
1457 1259 1495 1318 et
1529 1271 1595 1319 sex
1631 1252 1806 1335 denarios,
1842 1256 1875 1321 si
1911 1257 2079 1342 predictis

576 1388 695 1457 missis
723 1397 760 1456 et
788 1386 948 1474 exequiis
977 1385 1219 1471 solempnibus
1247 1385 1418 1455 interesse
1444 1388 1631 1471 voluerint,
1661 1388 1797 1457 Clerioo
1817 1392 1912 1459 dicte
1932 1396 2080 1463 ecclesie

576 1522 639 1609 qui
673 1541 739 1609 pro
774 1530 932 1607 tempore
966 1520 1071 1587 fuerit
1113 1540 1179 1607 pro
1221 1521 1349 1589 classis
1389 1524 1575 1609 pulsandis
1618 1525 1657 1590 in
1699 1526 1795 1593 dicto
1838 1528 2079 1598 anniuersario

576 1660 761 1728 duodecim
811 1659 976 1727 denarios
1024 1670 1062 1725 et
1111 1656 1315 1745 suffragano
1364 1659 1460 1727 dicte
1509 1660 1658 1727 ecclesie
1707 1680 1772 1729 sex
1818 1663 1991 1743 denarios.
2042 1675 2079 1732 et

575 1796 786 1865 Bedmanno
825 1796 958 1864 dictruu
999 1795 1278 1863 anniuersarium
1314 1794 1353 1861 in
1388 1796 1475 1863 villa
1509 1798 1744 1881 proclamanti
1778 1799 1870 1867 duos
1904 1801 2077 1883 denarios,

575 1950 712 2001 necnon
741 1930 946 1999 custodibus
974 1930 1069 1997 dicte
1096 1932 1244 1999 ecclesie
1273 1932 1335 2017 qui
1362 1952 1428 2019 pro
1456 1941 1616 2018 tempore
1650 1931 1780 1999 fuerint
1815 1935 1905 2002 duos
1933 1935 2077 2019 solidos,

574 2069 729 2137 acaciam
766 2086 831 2135 sex
866 2066 999 2133 solidos
1035 2077 1071 2133 et
1107 2074 1188 2133 octo
1230 2066 1396 2135 denarios
1439 2066 1487 2133 ad
1522 2065 1775 2134 inuenientium
1811 2070 1901 2136 dnos
1935 2072 2080 2140 tortioes

574 2211 814 2291 competenter
841 2202 1005 2268 ardentes
1033 2201 1072 2267 in
1100 2202 1159 2269 die
1193 2202 1281 2269 dicti
1316 2202 1549 2269 anniuersarii
1584 2202 1657 2269 mei
1691 2204 1790 2270 omni
1825 2224 1931 2287 anno,
1966 2217 2005 2272 et
2039 2207 2078 2273 in

575 2338 776 2407 eleuacione
803 2336 1025 2405 Sacramenti
1052 2336 1091 2404 in
1120 2336 1238 2404 missis
1268 2355 1333 2422 per
1359 2337 1493 2405 dictum
1518 2338 1701 2406 dominum
1728 2338 1849 2407 David
1878 2350 1915 2407 et
1939 2361 2077 2409 succes·

575 2494 673 2544 sores
709 2494 793 2543 suos
832 2474 1052 2543 celebrandis
1088 2474 1240 2561 singulis
1276 2474 1402 2541 diebus
1438 2474 1553 2541 indies
1589 2474 1866 2562 imperpetuum
1910 2496 1982 2563 quo
2016 2480 2074 2545 die

575 2612 808 2683 anniuersarii
850 2614 921 2680 mei
963 2609 1190 2681 distribuant
1216 2612 1315 2679 omni
1351 2630 1445 2679 anno
1482 2610 1598 2678 diebus
1632 2611 1753 2680 David
1787 2624 1825 2679 et
1859 2633 2078 2682 successores

575 2750 631 2817 sui
673 2751 795 2817 decem
839 2750 972 2817 solidos
1016 2748 1053 2815 in
1096 2768 1191 2836 pane
1229 2748 1446 2835 pauperibus
1490 2748 1748 2835 imperpetuum
1784 2770 1849 2837 per
1889 2750 2006 2818 visum
2041 2760 2078 2819 et

574 2888 836 2959 ordinacionem
865 2884 988 2953 vicarii
1016 2896 1053 2952 et
1081 2885 1266 2953 custodum
1294 2885 1389 2951 dicte
1416 2885 1564 2953 ecclesie
1584 2885 1647 2972 qui
1667 2906 1733 2972 pro
1754 2894 1913 2973 tempore
1933 2887 2071 2955 literint

574 3025 755 3095 Soluendo
797 3022 910 3091 eciam
954 3020 1083 3089 Maiori
1118 3020 1203 3089 ville
1240 3020 1421 3089 Brlstollie
1456 3022 1554 3088 omni
1590 3041 1686 3087 anno
1722 3022 1784 3108 qui
1818 3042 1884 3109 pro
1919 3033 2077 3109 tempore

573 3162 678 3231 fuerit
706 3170 778 3229 tres
806 3158 940 3227 solidos
976 3167 1013 3225 et
1048 3169 1199 3245 quatuor
1234 3160 1410 3241 denados,
1446 3160 1655 3229 vicecomiti
1686 3162 1843 3248 ejusdem
1872 3162 1957 3231 ville
1988 3165 2077 3232 duos

574 3300 717 3380 solidos
747 3298 884 3367 Clerioo
912 3297 958 3363 de
986 3297 1023 3363 la
1052 3294 1205 3365 Gilralde
1233 3298 1421 3367 duodecim
1441 3296 1616 3377 denarios,
1639 3298 1790 3365 Balliuis
1809 3306 1848 3366 et
1867 3297 2078 3367 Camermiis

573 3438 667 3506 dicte
694 3436 789 3517 ville,
818 3434 963 3503 cuilibet
991 3452 1111 3501 eorum
1147 3435 1333 3503 duodecim
1369 3434 1544 3515 denarios,
1580 3443 1617 3501 et
1653 3444 1805 3519 quatuor
1840 3436 2075 3503 seruientibus

574 3570 727 3641 Gihalde
758 3570 937 3639 sexdecim
973 3569 1148 3651 denarios,
1184 3570 1350 3637 uidelicet
1385 3569 1530 3637 cuilibet
1565 3588 1686 3636 eorum
1722 3579 1872 3655 quatuor
1903 3571 2077 3653 denarios,

572 3710 619 3775 ad
670 3706 949 3777 interessendum
1012 3706 1246 3792 personaliter
1312 3706 1420 3773 misse
1490 3706 1666 3793 solempni
1729 3706 1776 3773 de
1839 3707 1960 3793 requie
2017 3706 2078 3773 die

573 3846 806 3915 anniuersarii
868 3844 940 3911 mei
997 3855 1035 3911 et
1093 3843 1141 3910 ad
1205 3843 1503 3931 superuidendum
1570 3844 1667 3929 quod
1740 3842 1873 3929 singuli
1938 3840 2077 3908 articuli

573 3983 747 4070 presentis
797 3980 1034 4049 ordinacionis
1083 3978 1233 4048 fideliter
1282 3992 1320 4049 et
1366 3980 1444 4049 sine
1486 3981 1608 4050 fraude
1648 3980 1753 4065 iuxta
1795 3988 1918 4045 votum
1961 3998 2077 4045 meum

574 4118 808 4206 perficiantur.
852 4118 901 4186 Et
928 4119 1010 4185 volo
1039 4116 1194 4203 quodsi
1224 4116 1354 4203 aliquis
1381 4116 1522 4185 illorum
1558 4118 1688 4185 absens
1723 4113 1828 4182 firerit
1864 4114 1974 4181 nichil
2009 4114 2079 4181 sibi

576 4256 743 4325 soluatur.
796 4254 853 4321 Ac
891 4253 1004 4321 eciam
1047 4252 1162 4320 soluat
1201 4254 1360 4341 quolibet
1403 4272 1498 4321 anno
1541 4254 1747 4321 custodibus
1789 4252 1883 4318 dicte
1926 4250 2076 4319 ecclesie

576 4391 697 4459 decem
727 4390 859 4457 solidos
895 4392 942 4458 ad
977 4389 1247 4457 sustentandum
1283 4389 1463 4475 quandam
1499 4390 1701 4477 lampadem
1737 4386 1920 4453 ardentem
1958 4404 2079 4451 coram

576 4526 688 4593 altare
716 4528 821 4593 beate
849 4526 964 4593 Marie
993 4526 1030 4591 in
1059 4524 1183 4593 eadem
1211 4526 1372 4593 ecclesia.
1415 4525 1464 4593 Et
1488 4524 1522 4592 si
1549 4525 1667 4592 dictus
1685 4524 1852 4591 dominus
1880 4522 2000 4591 David
2020 4524 2080 4589 vel

575 4664 652 4749 ejus
688 4680 907 4729 successores
943 4659 1127 4747 Capeliani
1163 4659 1356 4727 infuturum
1392 4660 1431 4727 in
1470 4661 1629 4749 predicta
1672 4660 1898 4728 ordinacione
1940 4660 1998 4727 vel
2040 4658 2080 4725 in

575 4798 695 4884 aliquo
725 4798 873 4866 articulo
900 4798 1057 4884 predicte
1085 4794 1324 4863 ordinacionis
1351 4794 1516 4863 defecerit
1543 4799 1601 4865 vel
1624 4797 1825 4878 defecerint,
1847 4796 1943 4881 quod
1972 4793 2076 4873 absit,

574 4944 705 5003 extunc
733 4934 815 5001 volo
844 4943 881 5002 et
905 4936 1030 5002 ordino
1058 4934 1153 5021 quod
1181 4934 1273 5000 bene
1300 4933 1407 5000 liceat
1442 4932 1573 5018 Maiori
1601 4934 1686 5001 ville
1720 4932 1911 5014 Bristollie,
1947 4932 2083 4999 vicario

574 5083 612 5141 et
641 5072 846 5139 custodibus
875 5070 969 5139 dicte
997 5068 1144 5139 ecclesie
1172 5077 1208 5136 et
1245 5068 1434 5136 heredibus
1469 5072 1558 5139 meis
1590 5082 1629 5139 et
1663 5090 1783 5139 eorum
1819 5068 2079 5139 successoribus
