4975 6309
525 702 572 857 tt
861 757 958 848 tibc
982 756 1121 847 little
1146 760 1245 850 tice
1270 761 1400 852 noct
1425 761 1476 852 ot
1506 737 1694 853 bristot

524 973 666 1060 querele
690 991 816 1058 cepere
839 972 983 1038 nomine
1002 972 1250 1058 districcionis,
1273 985 1309 1042 et
1332 975 1413 1041 illas
1432 976 1619 1055 abducere,
1633 974 1757 1064 fugare
1778 975 1836 1042 vei
1859 983 2042 1062 asportare

420 1202 426 1211 Ι
524 1121 627 1180 extra
661 1112 921 1197 possessionem
955 1111 1067 1196 ipsius
1097 1111 1149 1178 sic
1181 1112 1377 1195 attachiati,
1411 1123 1448 1180 et
1481 1114 1564 1180 illes
1593 1114 1632 1180 in
1660 1113 1840 1181 communi
1870 1113 1950 1180 loco
1974 1131 2040 1198 pro

523 1247 727 1314 huiusmodi
758 1245 1042 1312 districcionibus
1089 1249 1329 1315 custodiendis
1368 1249 1554 1336 assignato
1573 1251 1767 1350 custodire
1816 1259 1853 1318 et
1891 1250 2044 1317 retinere

526 1385 639 1452 donec
661 1404 726 1469 per
747 1384 915 1450 iudicium
939 1383 1175 1450 deliberentur
1202 1385 1260 1452 vel
1289 1386 1402 1453 donec
1437 1385 1652 1454 sufficienter
1684 1386 1882 1475 replegiats
1901 1385 2043 1454 fuerint.

527 1519 593 1588 Set
621 1522 652 1587 si
677 1519 766 1587 forte
795 1540 919 1607 grosse
947 1519 1189 1588 districciones
1225 1521 1278 1588 its
1313 1523 1410 1610 quod
1439 1523 1516 1590 sine
1542 1523 1679 1590 iactura
1714 1533 1752 1590 et
1780 1543 1913 1610 magno
1942 1523 2040 1588 tedio

529 1659 705 1743 asportari
729 1659 788 1724 vel
813 1659 1013 1725 abscarcari
1039 1679 1111 1725 non
1137 1661 1282 1727 valeant
1308 1661 1398 1728 sicut
1427 1663 1574 1729 bladum
1612 1662 1651 1728 in
1680 1661 1859 1749 granario,
1896 1661 2042 1726 bladum

527 1796 565 1861 in
588 1794 737 1881 foragio,
762 1793 893 1875 fenum,
919 1794 1031 1876 fabas,
1054 1797 1153 1882 pisas
1177 1796 1216 1862 in
1244 1807 1343 1865 tesso
1367 1807 1405 1865 et
1427 1799 1639 1880 huiusmodi,
1663 1809 1748 1866 tunc
1774 1819 1839 1886 per
1864 1799 1981 1865 visum
2002 1807 2039 1864 et

529 1931 770 1999 testimonium
803 1933 994 2018 proborum
1029 1933 1211 1999 hominum
1246 1935 1292 2000 de
1326 1935 1465 2002 visneto
1504 1945 1683 2023 ponantur
1719 1935 1757 2002 in
1793 1933 1939 2002 defenso
1976 1936 2043 2001 sub

531 2081 664 2139 arresto
696 2072 735 2138 in
767 2072 900 2138 eisdem
933 2072 1021 2138 locis
1054 2072 1091 2137 in
1131 2072 1261 2158 quibus
1301 2073 1539 2157 inueniuntur,
1580 2075 1633 2140 ita
1674 2073 1769 2160 quod
1809 2071 1919 2139 nichil
1959 2071 2044 2138 inde

531 2221 773 2276 ammoneatur
804 2211 918 2277 donec
950 2209 1133 2276 defensum
1157 2229 1220 2276 seu
1251 2219 1405 2277 arestum
1434 2231 1499 2296 per
1523 2211 1692 2278 iudicium
1728 2208 1950 2276 deliberetur.
1995 2205 2044 2274 Et

530 2325 562 2412 si
592 2346 672 2432 quis
700 2330 902 2413 huiusmodi
930 2344 1112 2412 defensum
1143 2365 1206 2412 seu
1232 2355 1388 2413 arestum
1413 2345 1558 2434 degerit
1582 2349 1640 2414 vel
1668 2345 1787 2432 frangi
1819 2345 1951 2424 fecerit,
1982 2364 2045 2412 seu

530 2483 664 2569 aliquid
702 2485 747 2550 de
775 2482 979 2549 huiusmodi
1015 2482 1120 2549 bonis
1160 2483 1304 2549 nomine
1340 2482 1575 2550 districcionis
1615 2485 1653 2549 in
1691 2481 1836 2548 defenso
1874 2501 1938 2547 seu
1975 2480 2042 2546 sub

530 2630 647 2687 cresto
686 2621 738 2686 sic
777 2620 903 2704 positis
945 2619 1155 2684 ammonerit
1197 2639 1262 2685 seu
1306 2619 1500 2686 ammoneri
1543 2619 1675 2702 fecerit,
1716 2617 1838 2686 statim
1876 2591 2050 2684 certificet

529 2757 685 2823 balliuus
710 2757 794 2822 inde
822 2777 927 2822 suum
956 2754 1172 2840 superiorem
1199 2765 1235 2821 et
1265 2755 1413 2822 indilate
1451 2765 1717 2824 summoneatur
1754 2753 1871 2834 Curia,
1901 2761 1980 2831 etc,
2005 2759 2044 2817 vt

530 2914 638 2979 supra
667 2895 711 2959 de
734 2892 939 2959 resistencia
964 2891 1120 2978 capitulo
1145 2891 1226 2976 xiij⁰
1271 2891 1319 2958 Et
1348 2893 1380 2958 si
1403 2913 1467 2978 per
1491 2893 1589 2980 ipsos
1618 2892 1680 2978 qui
1706 2890 1838 2958 ibidem
1861 2889 2042 2956 vnitentur

529 3030 732 3100 inueniatur
756 3032 801 3096 de
829 3030 1031 3097 huiusmodi
1056 3029 1281 3098 districcione
1311 3041 1506 3098 ammotum
1543 3040 1598 3098 est
1628 3030 1818 3116 quicquam
1846 3045 1912 3112 per
1947 3023 2043 3110 quod

530 3169 654 3239 eedem
676 3166 855 3234 districcio
877 3167 915 3231 in
936 3166 1056 3252 precio
1077 3169 1137 3234 vel
1158 3168 1279 3234 valore
1300 3177 1456 3236 mutetur
1476 3167 1534 3234 vel
1556 3165 1760 3246 minoretur,
1779 3164 1916 3231 leuetur
1937 3180 2044 3247 supet

529 3323 573 3369 eo
596 3301 773 3372 hutesium
795 3311 832 3367 et
859 3301 1071 3367 attachietur
1100 3310 1137 3369 et
1166 3303 1373 3368 obseruetur
1396 3302 1491 3368 idem
1512 3321 1700 3388 processus
1725 3307 1848 3368 contm
1875 3319 1954 3364 eum
1981 3297 2043 3384 qui

528 3439 628 3526 prius
659 3438 765 3502 datur
792 3437 837 3502 de
864 3437 1110 3504 resistentibus
1139 3437 1295 3523 capitulo
1325 3439 1538 3524 supradicto.
1598 3437 1646 3504 Et
1674 3437 1760 3522 quis
1788 3435 1826 3502 in
1860 3433 2039 3518 aliquibus

529 3577 618 3643 locis
646 3593 710 3659 per
737 3572 968 3639 toleranciam
1006 3571 1273 3639 defendentium
1309 3572 1510 3640 huiusmodi
1540 3573 1691 3640 maiores
1726 3592 1789 3640 seu
1817 3571 1943 3638 balliui
1979 3591 2043 3638 seu

529 3709 701 3798 prepositi
731 3708 906 3794 colligunt
933 3718 970 3774 et
999 3709 1159 3775 adunant
1185 3708 1427 3776 districciones
1456 3718 1493 3776 et
1521 3721 1659 3796 ponunt
1688 3709 1770 3776 illas
1799 3706 2043 3776 districciones

527 3868 592 3935 per
621 3851 666 3913 se·
683 3845 721 3910 in
744 3845 865 3930 aliqua
886 3845 992 3911 domo
1014 3864 1078 3910 seu
1100 3864 1242 3911 camera
1262 3854 1299 3911 et
1321 3854 1407 3911 tunc
1429 3845 1599 3911 claudunt
1618 3844 1778 3913 hostium
1799 3846 1896 3912 illius
1917 3844 2044 3912 domus

527 3988 585 4053 vel
614 4003 763 4063 camere,
791 3992 828 4049 et
857 3992 1041 4068 apponunt
1062 3983 1183 4068 sigilla
1211 4003 1277 4049 sua
1306 4002 1413 4068 super
1444 3984 1569 4050 eadem
1599 3984 1718 4051 hostie
1747 3981 1968 4050 defendentis
1997 4001 2043 4047 ne

528 4125 692 4192 dominus
735 4122 861 4188 domus
898 4141 963 4186 seu
999 4120 1117 4206 quiuis
1154 4122 1247 4188 alius
1286 4143 1463 4189 cameram
1503 4123 1561 4189 vel
1595 4124 1740 4189 domum
1776 4121 1875 4187 iilam
1906 4119 2039 4186 intrent

521 4271 595 4328 'nec
625 4255 828 4326 huiusmodi
865 4257 1122 4343 sigillacionem
1148 4258 1372 4344 disrumpant
1401 4261 1464 4326 sed
1493 4261 1589 4345 quod
1618 4272 1789 4345 tanquam
1820 4264 2040 4344 sequestrum

529 4395 758 4472 custodiatur,
783 4401 927 4477 propter
955 4394 1049 4478 quod
1078 4395 1181 4460 multi
1210 4395 1256 4461 de
1289 4397 1422 4481 populo
1458 4396 1520 4482 qui
1557 4407 1640 4463 sunt
1676 4405 1751 4462 tam
1787 4395 1909 4482 legum
1944 4413 2040 4461 com-

529 4507 689 4599 munium
717 4548 841 4614 regum
870 4548 978 4612 quam
1007 4529 1126 4616 legum
1159 4532 1446 4598 mercatoriarum
1475 4532 1592 4618 ignari
1621 4533 1787 4600 timentes
1812 4542 1848 4598 et
1869 4539 2039 4617 putentes

529 4670 647 4754 legem
669 4675 706 4732 et
737 4664 913 4732 iusticiam
951 4665 1138 4745 offendere,
1165 4669 1291 4734 domos
1320 4669 1401 4734 illas
1429 4669 1592 4754 proprias
1622 4669 1697 4736 siue
1727 4669 1808 4736 illes
1836 4687 1884 4734 ex
1909 4668 2038 4747 locato,

530 4805 606 4873 siue
642 4825 688 4870 ex
724 4803 835 4869 libero
865 4812 984 4869 teneat
1013 4804 1157 4871 introire
1186 4826 1252 4872 nec
1280 4807 1482 4873 huiusmodi
1512 4807 1751 4893 sigillaciones
1780 4823 1944 4890 rumpere
1973 4823 2038 4870 nec

530 4945 648 5010 delere
681 4940 834 5020 sudent,
878 4950 914 5006 et
957 4941 1010 5007 ita
1051 4952 1235 5009 remanent
1286 4945 1331 5010 de
1375 4945 1448 5010 suis
1491 4943 1613 5010 liberis
1653 4941 1867 5011 tenementis
1920 4951 2041 5027 aperte

531 5077 701 5147 disseisiti
729 5096 792 5143 seu
821 5077 865 5141 de
894 5078 969 5144 suis
996 5079 1166 5165 hospiciis
1195 5081 1321 5148 locatis
1349 5081 1476 5148 deiecti
1513 5083 1560 5147 ad
1598 5083 1800 5148 voluntates
1841 5079 2042 5146 huiusmodi
