<?xml version="1.0" encoding="UTF-8"?>
<!DOCTYPE html PUBLIC "-//W3C//DTD XHTML 1.0 Transitional//EN"
    "http://www.w3.org/TR/xhtml1/DTD/xhtml1-transitional.dtd">
<html xmlns="http://www.w3.org/1999/xhtml" xml:lang="en" lang="en">
 <head>
  <title>
</title>
<meta http-equiv="Content-Type" content="text/html;charset=utf-8" />
  <meta name='ocr-system' content='tesseract 3.04.00' />
  <meta name='ocr-capabilities' content='ocr_page ocr_carea ocr_par ocr_line ocrx_word'/>
</head>
<body>
  <div class='ocr_page' id='page_1' title='image "./littleredbookbr00coungoog_0056.png"; bbox 0 0 4975 6309; ppageno 0'>
   <div class='ocr_carea' id='block_1_1' title="bbox 562 760 1731 855">
    <p class='ocr_par' dir='ltr' id='par_1_1' title="bbox 562 760 1731 855">
     <span class='ocr_line' id='line_1_1' title="bbox 562 760 1731 855; baseline -0.002 0"><span class='ocrx_word' id='word_1_1' title='bbox 562 786 586 855; x_wconf 90' lang='lat'>4</span> <span class='ocrx_word' id='word_1_2' title='bbox 900 760 997 850; x_wconf 80' lang='lat' dir='ltr'><strong>ttbe</strong></span> <span class='ocrx_word' id='word_1_3' title='bbox 1022 760 1283 849; x_wconf 76' lang='lat' dir='ltr'><strong>1ttt1etteo</strong></span> <span class='ocrx_word' id='word_1_4' title='bbox 1308 761 1436 851; x_wconf 68' lang='lat' dir='ltr'><strong>Boot</strong></span> <span class='ocrx_word' id='word_1_5' title='bbox 1463 763 1513 851; x_wconf 83' lang='lat' dir='ltr'><strong>ot</strong></span> <span class='ocrx_word' id='word_1_6' title='bbox 1543 764 1731 855; x_wconf 61' lang='lat' dir='ltr'><strong>brtetot.</strong></span> 
     </span>
    </p>
   </div>
   <div class='ocr_carea' id='block_1_2' title="bbox 546 972 1725 1478">
    <p class='ocr_par' dir='ltr' id='par_1_2' title="bbox 546 972 1724 1211">
     <span class='ocr_line' id='line_1_2' title="bbox 561 972 1724 1065; baseline 0.006 -26"><span class='ocrx_word' id='word_1_7' title='bbox 561 972 619 1039; x_wconf 90' lang='lat' dir='ltr'><strong>De</strong></span> <span class='ocrx_word' id='word_1_8' title='bbox 644 974 777 1042; x_wconf 82' lang='lat' dir='ltr'><strong>eisdem</strong></span> <span class='ocrx_word' id='word_1_9' title='bbox 803 976 1089 1061; x_wconf 86' lang='lat' dir='ltr'>procuratoribus</span> <span class='ocrx_word' id='word_1_10' title='bbox 1113 997 1179 1061; x_wconf 87' lang='lat' dir='ltr'><strong>pro</strong></span> <span class='ocrx_word' id='word_1_11' title='bbox 1204 977 1343 1043; x_wconf 83' lang='lat' dir='ltr'><strong>duabus</strong></span> <span class='ocrx_word' id='word_1_12' title='bbox 1368 978 1493 1062; x_wconf 84' lang='lat' dir='ltr'><strong>shopis</strong></span> <span class='ocrx_word' id='word_1_13' title='bbox 1518 980 1724 1065; x_wconf 88' lang='lat' dir='ltr'><strong>propinqui·</strong></span> 
     </span>
     <span class='ocr_line' id='line_1_3' title="bbox 546 1111 1416 1211; baseline 0.005 -34"><span class='ocrx_word' id='word_1_14' title='bbox 546 1206 548 1211; x_wconf 67' lang='lat'>,</span> <span class='ocrx_word' id='word_1_15' title='bbox 648 1111 768 1180; x_wconf 90' lang='lat' dir='ltr'><strong>oribus</strong></span> <span class='ocrx_word' id='word_1_16' title='bbox 783 1116 918 1199; x_wconf 85' lang='lat' dir='ltr'><strong>capelle</strong></span> <span class='ocrx_word' id='word_1_17' title='bbox 933 1116 1064 1181; x_wconf 83' lang='lat' dir='ltr'>ibidem</span> <span class='ocrx_word' id='word_1_18' title='bbox 1079 1135 1125 1181; x_wconf 83' lang='lat' dir='ltr'><strong>ex</strong></span> <span class='ocrx_word' id='word_1_19' title='bbox 1138 1124 1240 1202; x_wconf 85' lang='lat' dir='ltr'><strong>parte</strong></span> <span class='ocrx_word' id='word_1_20' title='bbox 1256 1114 1416 1181; x_wconf 76' lang='lat' dir='ltr'><strong>Australi</strong></span> 
     </span>
    </p>

    <p class='ocr_par' dir='ltr' id='par_1_3' title="bbox 560 1248 1725 1478">
     <span class='ocr_line' id='line_1_4' title="bbox 560 1248 1722 1338; baseline 0.005 -25"><span class='ocrx_word' id='word_1_21' title='bbox 560 1248 617 1313; x_wconf 93' lang='lat' dir='ltr'><strong>De</strong></span> <span class='ocrx_word' id='word_1_22' title='bbox 633 1248 792 1317; x_wconf 87' lang='lat' dir='ltr'><strong>Gilberto</strong></span> <span class='ocrx_word' id='word_1_23' title='bbox 807 1252 837 1317; x_wconf 88' lang='lat' dir='ltr'>F</span> <span class='ocrx_word' id='word_1_24' title='bbox 838 1254 922 1318; x_wconf 89' lang='lat' dir='ltr'><strong>orde</strong></span> <span class='ocrx_word' id='word_1_25' title='bbox 937 1274 1002 1338; x_wconf 87' lang='lat' dir='ltr'><strong>pro</strong></span> <span class='ocrx_word' id='word_1_26' title='bbox 1017 1256 1143 1338; x_wconf 79' lang='lat' dir='ltr'><strong>platea</strong></span> <span class='ocrx_word' id='word_1_27' title='bbox 1157 1254 1224 1320; x_wconf 86' lang='lat' dir='ltr'><strong>sub</strong></span> <span class='ocrx_word' id='word_1_28' title='bbox 1240 1273 1325 1320; x_wconf 89' lang='lat' dir='ltr'><strong>arcu</strong></span> <span class='ocrx_word' id='word_1_29' title='bbox 1339 1254 1446 1320; x_wconf 84' lang='lat' dir='ltr'><strong>turris</strong></span> <span class='ocrx_word' id='word_1_30' title='bbox 1460 1254 1591 1320; x_wconf 87' lang='lat' dir='ltr'>ibidem</span> <span class='ocrx_word' id='word_1_31' title='bbox 1713 1302 1722 1319; x_wconf 89' lang='lat'><strong>.</strong></span> 
     </span>
     <span class='ocr_line' id='line_1_5' title="bbox 560 1387 1725 1478; baseline 0.003 -26"><span class='ocrx_word' id='word_1_32' title='bbox 560 1387 617 1453; x_wconf 90' lang='lat' dir='ltr'><strong>De</strong></span> <span class='ocrx_word' id='word_1_33' title='bbox 641 1387 804 1471; x_wconf 83' lang='lat' dir='ltr'><strong>Johanne</strong></span> <span class='ocrx_word' id='word_1_34' title='bbox 825 1388 981 1456; x_wconf 77' lang='lat' dir='ltr'><strong>Bienket</strong></span> <span class='ocrx_word' id='word_1_35' title='bbox 1005 1409 1070 1475; x_wconf 91' lang='lat' dir='ltr'><strong>pro</strong></span> <span class='ocrx_word' id='word_1_36' title='bbox 1093 1400 1296 1458; x_wconf 82' lang='lat' dir='ltr'><strong>tenemento</strong></span> <span class='ocrx_word' id='word_1_37' title='bbox 1322 1410 1436 1477; x_wconf 80' lang='lat' dir='ltr'>nuper</span> <span class='ocrx_word' id='word_1_38' title='bbox 1458 1389 1628 1478; x_wconf 83' lang='lat' dir='ltr'><strong>Symonis</strong></span> <span class='ocrx_word' id='word_1_39' title='bbox 1653 1391 1725 1477; x_wconf 88' lang='lat' dir='ltr'><strong>Ely</strong></span> 
     </span>
    </p>
   </div>
   <div class='ocr_carea' id='block_1_3' title="bbox 554 1660 1721 2301">
    <p class='ocr_par' dir='ltr' id='par_1_4' title="bbox 554 1660 1721 2163">
     <span class='ocr_line' id='line_1_6' title="bbox 558 1660 1720 1753; baseline 0 -24"><span class='ocrx_word' id='word_1_40' title='bbox 558 1660 616 1729; x_wconf 89' lang='lat' dir='ltr'><strong>De</strong></span> <span class='ocrx_word' id='word_1_41' title='bbox 631 1662 788 1729; x_wconf 85' lang='lat' dir='ltr'><strong>Henrico</strong></span> <span class='ocrx_word' id='word_1_42' title='bbox 803 1664 916 1753; x_wconf 85' lang='lat' dir='ltr'><strong>Parys</strong></span> <span class='ocrx_word' id='word_1_43' title='bbox 931 1684 996 1750; x_wconf 89' lang='lat' dir='ltr'><strong>pro</strong></span> <span class='ocrx_word' id='word_1_44' title='bbox 1010 1673 1213 1731; x_wconf 84' lang='lat' dir='ltr'><strong>tenemento</strong></span> <span class='ocrx_word' id='word_1_45' title='bbox 1227 1664 1359 1730; x_wconf 85' lang='lat' dir='ltr'>ibidem</span> <span class='ocrx_word' id='word_1_46' title='bbox 1427 1712 1436 1728; x_wconf 93' lang='lat'><strong>.</strong></span> <span class='ocrx_word' id='word_1_47' title='bbox 1569 1709 1578 1728; x_wconf 93' lang='lat'><strong>.</strong></span> <span class='ocrx_word' id='word_1_48' title='bbox 1711 1710 1720 1729; x_wconf 91' lang='lat'><strong>.</strong></span> 
     </span>
     <span class='ocr_line' id='line_1_7' title="bbox 557 1799 1719 1887; baseline -0.001 -22"><span class='ocrx_word' id='word_1_49' title='bbox 557 1799 614 1865; x_wconf 93' lang='lat' dir='ltr'><strong>De</strong></span> <span class='ocrx_word' id='word_1_50' title='bbox 628 1800 791 1883; x_wconf 79' lang='lat' dir='ltr'><strong>Johanne</strong></span> <span class='ocrx_word' id='word_1_51' title='bbox 805 1801 986 1869; x_wconf 81' lang='lat' dir='ltr'><strong>Beuewell</strong></span> <span class='ocrx_word' id='word_1_52' title='bbox 1001 1822 1065 1887; x_wconf 89' lang='lat' dir='ltr'><strong>pro</strong></span> <span class='ocrx_word' id='word_1_53' title='bbox 1080 1810 1284 1868; x_wconf 88' lang='lat' dir='ltr'><strong>tenemento</strong></span> <span class='ocrx_word' id='word_1_54' title='bbox 1299 1800 1430 1867; x_wconf 89' lang='lat' dir='ltr'>ibidem</span> <span class='ocrx_word' id='word_1_55' title='bbox 1568 1848 1576 1865; x_wconf 94' lang='lat'><strong><em>.</em></strong></span> <span class='ocrx_word' id='word_1_56' title='bbox 1711 1848 1719 1864; x_wconf 92' lang='lat'><strong>.</strong></span> 
     </span>
     <span class='ocr_line' id='line_1_8' title="bbox 556 1937 1720 2025; baseline 0 -23"><span class='ocrx_word' id='word_1_57' title='bbox 556 1937 613 2003; x_wconf 89' lang='lat' dir='ltr'><strong>De</strong></span> <span class='ocrx_word' id='word_1_58' title='bbox 627 1938 810 2004; x_wconf 83' lang='lat' dir='ltr'><strong>erielmo</strong></span> <span class='ocrx_word' id='word_1_59' title='bbox 826 1938 924 2025; x_wconf 88' lang='lat' dir='ltr'><strong>Hayi</strong></span> <span class='ocrx_word' id='word_1_60' title='bbox 939 1959 1003 2024; x_wconf 89' lang='lat' dir='ltr'><strong>pro</strong></span> <span class='ocrx_word' id='word_1_61' title='bbox 1019 1949 1221 2005; x_wconf 91' lang='lat' dir='ltr'><strong>tenemento</strong></span> <span class='ocrx_word' id='word_1_62' title='bbox 1236 1941 1331 2024; x_wconf 92' lang='lat' dir='ltr'><strong>quod</strong></span> <span class='ocrx_word' id='word_1_63' title='bbox 1346 1938 1521 2004; x_wconf 80' lang='lat' dir='ltr'><strong>inhabitat</strong></span> <span class='ocrx_word' id='word_1_64' title='bbox 1537 1937 1668 2005; x_wconf 89' lang='lat' dir='ltr'>ibidem</span> <span class='ocrx_word' id='word_1_65' title='bbox 1711 1985 1720 2002; x_wconf 93' lang='lat'><strong>.</strong></span> 
     </span>
     <span class='ocr_line' id='line_1_9' title="bbox 554 2075 1721 2163; baseline 0.003 -22"><span class='ocrx_word' id='word_1_66' title='bbox 554 2077 612 2141; x_wconf 90' lang='lat' dir='ltr'><strong>De</strong></span> <span class='ocrx_word' id='word_1_67' title='bbox 638 2076 795 2142; x_wconf 84' lang='lat' dir='ltr'><strong>Ricardo</strong></span> <span class='ocrx_word' id='word_1_68' title='bbox 824 2075 960 2163; x_wconf 89' lang='lat' dir='ltr'><strong>Spicer,</strong></span> <span class='ocrx_word' id='word_1_69' title='bbox 987 2076 1145 2143; x_wconf 80' lang='lat' dir='ltr'><strong>Ricardo</strong></span> <span class='ocrx_word' id='word_1_70' title='bbox 1170 2077 1352 2143; x_wconf 90' lang='lat' dir='ltr'><strong>Bromdon</strong></span> <span class='ocrx_word' id='word_1_71' title='bbox 1373 2087 1411 2144; x_wconf 90' lang='lat' dir='ltr'><strong>et</strong></span> <span class='ocrx_word' id='word_1_72' title='bbox 1426 2077 1560 2143; x_wconf 60' lang='lat' dir='ltr'><strong>demo</strong></span> <span class='ocrx_word' id='word_1_73' title='bbox 1578 2078 1721 2163; x_wconf 65' lang='lat' dir='ltr'><strong>Fefflg</strong></span> 
     </span>
    </p>

    <p class='ocr_par' dir='ltr' id='par_1_5' title="bbox 641 2208 1719 2301">
     <span class='ocr_line' id='line_1_10' title="bbox 641 2208 1719 2301; baseline -0.001 -21"><span class='ocrx_word' id='word_1_74' title='bbox 641 2233 707 2299; x_wconf 89' lang='lat' dir='ltr'><strong>pro</strong></span> <span class='ocrx_word' id='word_1_75' title='bbox 726 2208 930 2281; x_wconf 87' lang='lat' dir='ltr'><strong>t‘enemento</strong></span> <span class='ocrx_word' id='word_1_76' title='bbox 946 2234 1058 2301; x_wconf 89' lang='lat' dir='ltr'><strong>nuper</strong></span> <span class='ocrx_word' id='word_1_77' title='bbox 1070 2215 1153 2282; x_wconf 88' lang='lat' dir='ltr'><strong>Ade</strong></span> <span class='ocrx_word' id='word_1_78' title='bbox 1168 2214 1358 2281; x_wconf 82' lang='lat' dir='ltr'><strong>Beauflour</strong></span> <span class='ocrx_word' id='word_1_79' title='bbox 1370 2214 1503 2281; x_wconf 89' lang='lat' dir='ltr'>ibidem</span> <span class='ocrx_word' id='word_1_80' title='bbox 1567 2262 1577 2281; x_wconf 84' lang='lat'><strong>.</strong></span> <span class='ocrx_word' id='word_1_81' title='bbox 1709 2262 1719 2279; x_wconf 89' lang='lat'><strong>.</strong></span> 
     </span>
    </p>
   </div>
   <div class='ocr_carea' id='block_1_4' title="bbox 554 2350 1719 2573">
    <p class='ocr_par' dir='ltr' id='par_1_6' title="bbox 554 2350 1719 2573">
     <span class='ocr_line' id='line_1_11' title="bbox 554 2350 1719 2439; baseline 0.001 -23"><span class='ocrx_word' id='word_1_82' title='bbox 554 2350 612 2417; x_wconf 92' lang='lat' dir='ltr'><strong>De</strong></span> <span class='ocrx_word' id='word_1_83' title='bbox 626 2352 745 2418; x_wconf 86' lang='lat' dir='ltr'><strong>Aiano</strong></span> <span class='ocrx_word' id='word_1_84' title='bbox 761 2351 965 2439; x_wconf 81' lang='lat' dir='ltr'><strong>Wryngton</strong></span> <span class='ocrx_word' id='word_1_85' title='bbox 981 2372 1045 2437; x_wconf 89' lang='lat' dir='ltr'><strong>pro</strong></span> <span class='ocrx_word' id='word_1_86' title='bbox 1060 2356 1175 2438; x_wconf 85' lang='lat' dir='ltr'><strong>shopa</strong></span> <span class='ocrx_word' id='word_1_87' title='bbox 1189 2353 1320 2419; x_wconf 88' lang='lat' dir='ltr'>ibidem</span> <span class='ocrx_word' id='word_1_88' title='bbox 1422 2398 1432 2417; x_wconf 91' lang='lat'><strong>.</strong></span> <span class='ocrx_word' id='word_1_89' title='bbox 1567 2400 1575 2417; x_wconf 93' lang='lat'><strong><em>.</em></strong></span> <span class='ocrx_word' id='word_1_90' title='bbox 1710 2400 1719 2417; x_wconf 91' lang='lat'><strong>.</strong></span> 
     </span>
     <span class='ocr_line' id='line_1_12' title="bbox 555 2484 1278 2573; baseline 0.004 -23"><span class='ocrx_word' id='word_1_91' title='bbox 555 2484 611 2552; x_wconf 92' lang='lat' dir='ltr'><strong>De</strong></span> <span class='ocrx_word' id='word_1_92' title='bbox 625 2485 788 2568; x_wconf 88' lang='lat' dir='ltr'><strong>Johanne</strong></span> <span class='ocrx_word' id='word_1_93' title='bbox 802 2487 923 2571; x_wconf 88' lang='lat' dir='ltr'><strong>Thorp</strong></span> <span class='ocrx_word' id='word_1_94' title='bbox 939 2507 1004 2572; x_wconf 88' lang='lat' dir='ltr'><strong>pro</strong></span> <span class='ocrx_word' id='word_1_95' title='bbox 1019 2488 1132 2573; x_wconf 85' lang='lat' dir='ltr'><strong>shopa</strong></span> <span class='ocrx_word' id='word_1_96' title='bbox 1146 2487 1278 2553; x_wconf 87' lang='lat' dir='ltr'>ibidem</span> 
     </span>
    </p>
   </div>
   <div class='ocr_carea' id='block_1_5' title="bbox 456 2620 1718 2710">
    <p class='ocr_par' dir='ltr' id='par_1_7' title="bbox 456 2620 1718 2710">
     <span class='ocr_line' id='line_1_13' title="bbox 456 2620 1718 2710; baseline 0.002 -23"><span class='ocrx_word' id='word_1_97' title='bbox 456 2650 464 2668; x_wconf 92' lang='lat'><strong>·</strong></span> <span class='ocrx_word' id='word_1_98' title='bbox 554 2620 611 2687; x_wconf 91' lang='lat' dir='ltr'><strong>De</strong></span> <span class='ocrx_word' id='word_1_99' title='bbox 625 2622 787 2689; x_wconf 84' lang='lat' dir='ltr'><strong>Waltero</strong></span> <span class='ocrx_word' id='word_1_100' title='bbox 802 2623 832 2688; x_wconf 88' lang='lat' dir='ltr'>F</span> <span class='ocrx_word' id='word_1_101' title='bbox 833 2636 998 2709; x_wconf 90' lang='lat' dir='ltr'><strong>rompton</strong></span> <span class='ocrx_word' id='word_1_102' title='bbox 1012 2645 1077 2710; x_wconf 89' lang='lat' dir='ltr'><strong>pro</strong></span> <span class='ocrx_word' id='word_1_103' title='bbox 1092 2626 1115 2710; x_wconf 89' lang='lat' dir='ltr'><strong>ij</strong></span> <span class='ocrx_word' id='word_1_104' title='bbox 1137 2625 1259 2710; x_wconf 90' lang='lat' dir='ltr'><strong>shopis</strong></span> <span class='ocrx_word' id='word_1_105' title='bbox 1281 2624 1496 2691; x_wconf 85' lang='lat' dir='ltr'><strong>coniunctim</strong></span> <span class='ocrx_word' id='word_1_106' title='bbox 1518 2624 1660 2691; x_wconf 79' lang='lat' dir='ltr'><strong>situatis</strong></span> <span class='ocrx_word' id='word_1_107' title='bbox 1681 2624 1718 2690; x_wconf 91' lang='lat' dir='ltr'><strong>in</strong></span> 
     </span>
    </p>
   </div>
   <div class='ocr_carea' id='block_1_6' title="bbox 553 2761 1713 2984">
    <p class='ocr_par' dir='ltr' id='par_1_8' title="bbox 553 2761 1713 2984">
     <span class='ocr_line' id='line_1_14' title="bbox 641 2761 1713 2845; baseline -0.002 -18"><span class='ocrx_word' id='word_1_108' title='bbox 641 2761 933 2845; x_wconf 87' lang='lat' dir='ltr'><strong>comeriopontis</strong></span> <span class='ocrx_word' id='word_1_109' title='bbox 992 2808 1713 2827; x_wconf 90' lang='grc'><strong>......</strong></span> 
     </span>
     <span class='ocr_line' id='line_1_15' title="bbox 553 2897 1712 2984; baseline -0.003 -21"><span class='ocrx_word' id='word_1_110' title='bbox 553 2897 1459 2984; x_wconf 74' lang='lat' dir='ltr'><strong>DeRieeedeEueeipeeobopeieeeeneoiepentio</strong></span> <span class='ocrx_word' id='word_1_111' title='bbox 1560 2946 1570 2963; x_wconf 89' lang='lat'><strong>.</strong></span> <span class='ocrx_word' id='word_1_112' title='bbox 1703 2946 1712 2960; x_wconf 94' lang='lat'><strong>.</strong></span> 
     </span>
    </p>
   </div>
   <div class='ocr_carea' id='block_1_7' title="bbox 554 3034 1711 3207">
    <p class='ocr_par' dir='ltr' id='par_1_9' title="bbox 554 3034 1711 3207">
     <span class='ocr_line' id='line_1_16' title="bbox 597 3034 944 3119; baseline 0.009 -22"><span class='ocrx_word' id='word_1_113' title='bbox 597 3034 770 3099; x_wconf 90' lang='lat' dir='ltr'><strong>Nicholao</strong></span> <span class='ocrx_word' id='word_1_114' title='bbox 785 3034 944 3119; x_wconf 83' lang='lat' dir='ltr'><strong>Drapere</strong></span> 
     </span>
     <span class='ocr_line' id='line_1_17' title="bbox 554 3120 1711 3207; baseline -0.001 -22"><span class='ocrx_word' id='word_1_115' title='bbox 554 3120 610 3185; x_wconf 89' lang='lat' dir='ltr'><strong>De</strong></span> <span class='ocrx_word' id='word_1_116' title='bbox 623 3122 746 3187; x_wconf 74' lang='lat' dir='ltr'><strong>eedem</strong></span> <span class='ocrx_word' id='word_1_117' title='bbox 758 3122 911 3189; x_wconf 69' lang='lat' dir='ltr'><strong>Riemde</strong></span> <span class='ocrx_word' id='word_1_118' title='bbox 923 3142 988 3207; x_wconf 87' lang='lat' dir='ltr'><strong>pro</strong></span> <span class='ocrx_word' id='word_1_119' title='bbox 1004 3121 1117 3207; x_wconf 83' lang='lat' dir='ltr'><strong>shopa</strong></span> <span class='ocrx_word' id='word_1_120' title='bbox 1132 3122 1297 3187; x_wconf 88' lang='lat' dir='ltr'><strong>Nichoiai</strong></span> <span class='ocrx_word' id='word_1_121' title='bbox 1310 3122 1450 3205; x_wconf 77' lang='lat' dir='ltr'><strong>Dreper</strong></span> <span class='ocrx_word' id='word_1_122' title='bbox 1561 3168 1569 3186; x_wconf 90' lang='lat'><strong>.</strong></span> <span class='ocrx_word' id='word_1_123' title='bbox 1702 3168 1711 3184; x_wconf 89' lang='lat'><strong>.</strong></span> 
     </span>
    </p>
   </div>
   <div class='ocr_carea' id='block_1_8' title="bbox 553 3257 1710 3478">
    <p class='ocr_par' dir='ltr' id='par_1_10' title="bbox 553 3257 1710 3478">
     <span class='ocr_line' id='line_1_18' title="bbox 553 3257 1709 3343; baseline -0.002 -21"><span class='ocrx_word' id='word_1_124' title='bbox 553 3258 609 3323; x_wconf 89' lang='lat' dir='ltr'><strong>De</strong></span> <span class='ocrx_word' id='word_1_125' title='bbox 624 3257 782 3325; x_wconf 82' lang='lat' dir='ltr'><strong>Ricardo</strong></span> <span class='ocrx_word' id='word_1_126' title='bbox 797 3258 936 3323; x_wconf 90' lang='lat' dir='ltr'><strong>Horlok</strong></span> <span class='ocrx_word' id='word_1_127' title='bbox 950 3278 1015 3343; x_wconf 87' lang='lat' dir='ltr'><strong>pro</strong></span> <span class='ocrx_word' id='word_1_128' title='bbox 1030 3260 1144 3343; x_wconf 86' lang='lat' dir='ltr'><strong>shopa</strong></span> <span class='ocrx_word' id='word_1_129' title='bbox 1158 3258 1289 3324; x_wconf 87' lang='lat' dir='ltr'>ibidem</span> <span class='ocrx_word' id='word_1_130' title='bbox 1416 3306 1426 3323; x_wconf 89' lang='lat'><strong>.</strong></span> <span class='ocrx_word' id='word_1_131' title='bbox 1559 3306 1568 3322; x_wconf 91' lang='lat'><strong><em>.</em></strong></span> <span class='ocrx_word' id='word_1_132' title='bbox 1701 3304 1709 3320; x_wconf 91' lang='lat'><strong>.</strong></span> 
     </span>
     <span class='ocr_line' id='line_1_19' title="bbox 553 3390 1710 3478; baseline 0 -23"><span class='ocrx_word' id='word_1_133' title='bbox 553 3390 610 3456; x_wconf 86' lang='lat' dir='ltr'><strong>De</strong></span> <span class='ocrx_word' id='word_1_134' title='bbox 624 3392 782 3458; x_wconf 80' lang='lat' dir='ltr'><strong>Ricardo</strong></span> <span class='ocrx_word' id='word_1_135' title='bbox 797 3392 911 3458; x_wconf 84' lang='lat' dir='ltr'><strong>Hurel</strong></span> <span class='ocrx_word' id='word_1_136' title='bbox 925 3412 990 3477; x_wconf 89' lang='lat' dir='ltr'><strong>pro</strong></span> <span class='ocrx_word' id='word_1_137' title='bbox 1005 3393 1119 3478; x_wconf 83' lang='lat' dir='ltr'><strong>shopa</strong></span> <span class='ocrx_word' id='word_1_138' title='bbox 1132 3412 1246 3477; x_wconf 87' lang='lat' dir='ltr'><strong>nuper</strong></span> <span class='ocrx_word' id='word_1_139' title='bbox 1259 3390 1407 3457; x_wconf 78' lang='lat' dir='ltr'><strong>Ricatdi</strong></span> <span class='ocrx_word' id='word_1_140' title='bbox 1421 3391 1466 3457; x_wconf 92' lang='lat' dir='ltr'><strong>de</strong></span> <span class='ocrx_word' id='word_1_141' title='bbox 1481 3392 1598 3458; x_wconf 72' lang='lat' dir='ltr'><strong>Panes</strong></span> <span class='ocrx_word' id='word_1_142' title='bbox 1700 3438 1710 3455; x_wconf 88' lang='lat'><strong>.</strong></span> 
     </span>
    </p>
   </div>
   <div class='ocr_carea' id='block_1_9' title="bbox 552 3528 1716 3890">
    <p class='ocr_par' dir='ltr' id='par_1_11' title="bbox 552 3528 1716 3890">
     <span class='ocr_line' id='line_1_20' title="bbox 552 3528 1716 3615; baseline -0.001 -20"><span class='ocrx_word' id='word_1_143' title='bbox 552 3529 609 3595; x_wconf 89' lang='lat' dir='ltr'><strong>De</strong></span> <span class='ocrx_word' id='word_1_144' title='bbox 624 3528 784 3595; x_wconf 91' lang='lat' dir='ltr'><strong>Roberto</strong></span> <span class='ocrx_word' id='word_1_145' title='bbox 800 3529 996 3615; x_wconf 89' lang='lat' dir='ltr'><strong>Horseleye</strong></span> <span class='ocrx_word' id='word_1_146' title='bbox 1018 3548 1084 3615; x_wconf 88' lang='lat' dir='ltr'><strong>pro</strong></span> <span class='ocrx_word' id='word_1_147' title='bbox 1105 3530 1193 3595; x_wconf 89' lang='lat' dir='ltr'><strong>turri</strong></span> <span class='ocrx_word' id='word_1_148' title='bbox 1214 3530 1315 3594; x_wconf 86' lang='lat' dir='ltr'><strong>iuxta</strong></span> <span class='ocrx_word' id='word_1_149' title='bbox 1336 3529 1525 3596; x_wconf 82' lang='lat' dir='ltr'><strong>mariscum</strong></span> <span class='ocrx_word' id='word_1_150' title='bbox 1546 3538 1584 3595; x_wconf 90' lang='lat' dir='ltr'><strong>et</strong></span> <span class='ocrx_word' id='word_1_151' title='bbox 1602 3546 1716 3594; x_wconf 75' lang='lat' dir='ltr'><strong>veerte</strong></span> 
     </span>
     <span class='ocr_line' id='line_1_21' title="bbox 638 3668 1709 3752; baseline -0.003 -18"><span class='ocrx_word' id='word_1_152' title='bbox 638 3670 763 3752; x_wconf 78' lang='lat' dir='ltr'><strong>placeo</strong></span> <span class='ocrx_word' id='word_1_153' title='bbox 777 3668 908 3734; x_wconf 88' lang='lat' dir='ltr'>ibidem</span> <span class='ocrx_word' id='word_1_154' title='bbox 990 3712 1709 3733; x_wconf 89' lang='grc'><strong>......</strong></span> 
     </span>
     <span class='ocr_line' id='line_1_22' title="bbox 552 3802 1712 3890; baseline -0.003 -19"><span class='ocrx_word' id='word_1_155' title='bbox 552 3804 608 3871; x_wconf 91' lang='lat' dir='ltr'><strong>De</strong></span> <span class='ocrx_word' id='word_1_156' title='bbox 623 3804 710 3871; x_wconf 87' lang='lat' dir='ltr'><strong>turri</strong></span> <span class='ocrx_word' id='word_1_157' title='bbox 726 3825 794 3890; x_wconf 93' lang='lat' dir='ltr'><strong>que</strong></span> <span class='ocrx_word' id='word_1_158' title='bbox 808 3806 989 3890; x_wconf 85' lang='lat' dir='ltr'><strong>quondam</strong></span> <span class='ocrx_word' id='word_1_159' title='bbox 1004 3804 1070 3870; x_wconf 81' lang='lat' dir='ltr'><strong>fuit</strong></span> <span class='ocrx_word' id='word_1_160' title='bbox 1084 3804 1259 3870; x_wconf 85' lang='lat' dir='ltr'><strong>Eborardi</strong></span> <span class='ocrx_word' id='word_1_161' title='bbox 1274 3804 1308 3869; x_wconf 86' lang='lat' dir='ltr'><strong>le</strong></span> <span class='ocrx_word' id='word_1_162' title='bbox 1321 3802 1459 3870; x_wconf 85' lang='lat' dir='ltr'><strong>Frensh</strong></span> <span class='ocrx_word' id='word_1_163' title='bbox 1561 3850 1570 3865; x_wconf 92' lang='lat'><em>.</em></span> <span class='ocrx_word' id='word_1_164' title='bbox 1703 3849 1712 3867; x_wconf 90' lang='lat'><strong>.</strong></span> 
     </span>
    </p>
   </div>
   <div class='ocr_carea' id='block_1_10' title="bbox 550 3942 1045 4029">
    <p class='ocr_par' dir='ltr' id='par_1_12' title="bbox 550 3942 1045 4029">
     <span class='ocr_line' id='line_1_23' title="bbox 550 3942 1045 4029; baseline 0.002 -22"><span class='ocrx_word' id='word_1_165' title='bbox 550 3944 608 4009; x_wconf 92' lang='lat' dir='ltr'><strong>De</strong></span> <span class='ocrx_word' id='word_1_166' title='bbox 624 3942 711 4009; x_wconf 89' lang='lat' dir='ltr'><strong>turri</strong></span> <span class='ocrx_word' id='word_1_167' title='bbox 726 3944 826 4008; x_wconf 82' lang='lat' dir='ltr'><strong>iuxta</strong></span> <span class='ocrx_word' id='word_1_168' title='bbox 840 3943 1045 4029; x_wconf 82' lang='lat' dir='ltr'><strong>Mershyate</strong></span> 
     </span>
    </p>
   </div>
   <div class='ocr_carea' id='block_1_11' title="bbox 549 4080 1708 4253">
    <p class='ocr_par' dir='ltr' id='par_1_13' title="bbox 549 4080 1708 4253">
     <span class='ocr_line' id='line_1_24' title="bbox 594 4080 952 4146; baseline 0 -1"><span class='ocrx_word' id='word_1_169' title='bbox 594 4080 732 4146; x_wconf 84' lang='lat' dir='ltr'><strong>Th0ma</strong></span> <span class='ocrx_word' id='word_1_170' title='bbox 746 4080 952 4145; x_wconf 83' lang='lat' dir='ltr'><strong>Denebawd</strong></span> 
     </span>
     <span class='ocr_line' id='line_1_25' title="bbox 549 4166 1708 4253; baseline -0.002 -20"><span class='ocrx_word' id='word_1_171' title='bbox 549 4168 608 4233; x_wconf 89' lang='lat' dir='ltr'><strong>De</strong></span> <span class='ocrx_word' id='word_1_172' title='bbox 621 4169 778 4234; x_wconf 68' lang='lat' dir='ltr'><strong>Woiteee</strong></span> <span class='ocrx_word' id='word_1_173' title='bbox 791 4166 923 4253; x_wconf 65' lang='lat' dir='ltr'><strong>ddyet</strong></span> <span class='ocrx_word' id='word_1_174' title='bbox 937 4187 1001 4251; x_wconf 91' lang='lat' dir='ltr'><strong>pro</strong></span> <span class='ocrx_word' id='word_1_175' title='bbox 1017 4176 1218 4233; x_wconf 86' lang='lat' dir='ltr'><strong>tenemento</strong></span> <span class='ocrx_word' id='word_1_176' title='bbox 1233 4188 1346 4253; x_wconf 82' lang='lat' dir='ltr'><strong>nuper</strong></span> <span class='ocrx_word' id='word_1_177' title='bbox 1358 4166 1532 4233; x_wconf 90' lang='lat' dir='ltr'><strong>Willelmi</strong></span> <span class='ocrx_word' id='word_1_178' title='bbox 1546 4166 1662 4252; x_wconf 77' lang='lat' dir='ltr'><strong>Boige</strong></span> <span class='ocrx_word' id='word_1_179' title='bbox 1699 4214 1708 4231; x_wconf 90' lang='lat'><strong>.</strong></span> 
     </span>
    </p>
   </div>
   <div class='ocr_carea' id='block_1_12' title="bbox 548 4302 1714 4773">
    <p class='ocr_par' dir='ltr' id='par_1_14' title="bbox 548 4302 1712 4517">
     <span class='ocr_line' id='line_1_26' title="bbox 548 4302 1711 4390; baseline -0.002 -21"><span class='ocrx_word' id='word_1_180' title='bbox 548 4304 608 4369; x_wconf 91' lang='lat' dir='ltr'><strong>De</strong></span> <span class='ocrx_word' id='word_1_181' title='bbox 624 4303 779 4390; x_wconf 89' lang='lat' dir='ltr'><strong>Symone</strong></span> <span class='ocrx_word' id='word_1_182' title='bbox 795 4302 928 4369; x_wconf 88' lang='lat' dir='ltr'><strong>Russel</strong></span> <span class='ocrx_word' id='word_1_183' title='bbox 943 4323 1008 4387; x_wconf 90' lang='lat' dir='ltr'><strong>pro</strong></span> <span class='ocrx_word' id='word_1_184' title='bbox 1023 4322 1106 4369; x_wconf 86' lang='lat' dir='ltr'><strong>arcu</strong></span> <span class='ocrx_word' id='word_1_185' title='bbox 1121 4304 1221 4369; x_wconf 84' lang='lat' dir='ltr'><strong>iuxta</strong></span> <span class='ocrx_word' id='word_1_186' title='bbox 1238 4314 1377 4389; x_wconf 77' lang='lat' dir='ltr'><strong>portem</strong></span> <span class='ocrx_word' id='word_1_187' title='bbox 1400 4304 1514 4370; x_wconf 85' lang='lat' dir='ltr'><strong>sancti</strong></span> <span class='ocrx_word' id='word_1_188' title='bbox 1535 4302 1711 4369; x_wconf 81' lang='lat' dir='ltr'><strong>Leonardi</strong></span> 
     </span>
     <span class='ocr_line' id='line_1_27' title="bbox 548 4430 1712 4517; baseline 0 -21"><span class='ocrx_word' id='word_1_189' title='bbox 548 4432 609 4497; x_wconf 89' lang='lat' dir='ltr'><strong>De</strong></span> <span class='ocrx_word' id='word_1_190' title='bbox 645 4430 821 4517; x_wconf 81' lang='lat' dir='ltr'><strong>Magistro</strong></span> <span class='ocrx_word' id='word_1_191' title='bbox 859 4432 1004 4513; x_wconf 81' lang='lat' dir='ltr'><strong>Rogero</strong></span> <span class='ocrx_word' id='word_1_192' title='bbox 1041 4432 1075 4497; x_wconf 91' lang='lat' dir='ltr'><strong>ie</strong></span> <span class='ocrx_word' id='word_1_193' title='bbox 1111 4432 1235 4499; x_wconf 92' lang='lat' dir='ltr'><strong>White</strong></span> <span class='ocrx_word' id='word_1_194' title='bbox 1264 4432 1341 4517; x_wconf 85' lang='lat' dir='ltr'><strong>pro¹</strong></span> <span class='ocrx_word' id='word_1_195' title='bbox 1367 4441 1569 4497; x_wconf 86' lang='lat' dir='ltr'><strong>tenemento</strong></span> <span class='ocrx_word' id='word_1_196' title='bbox 1599 4450 1712 4516; x_wconf 86' lang='lat' dir='ltr'><strong>nuper</strong></span> 
     </span>
    </p>

    <p class='ocr_par' dir='ltr' id='par_1_15' title="bbox 550 4558 1714 4773">
     <span class='ocr_line' id='line_1_28' title="bbox 640 4558 1709 4645; baseline -0.001 -20"><span class='ocrx_word' id='word_1_197' title='bbox 640 4558 815 4644; x_wconf 89' lang='lat' dir='ltr'><strong>Stephani</strong></span> <span class='ocrx_word' id='word_1_198' title='bbox 829 4560 987 4625; x_wconf 82' lang='lat' dir='ltr'><strong>Norman</strong></span> <span class='ocrx_word' id='word_1_199' title='bbox 1004 4559 1041 4624; x_wconf 92' lang='lat' dir='ltr'><strong>in</strong></span> <span class='ocrx_word' id='word_1_200' title='bbox 1056 4561 1133 4625; x_wconf 90' lang='lat' dir='ltr'><strong>vico</strong></span> <span class='ocrx_word' id='word_1_201' title='bbox 1149 4561 1364 4645; x_wconf 84' lang='lat' dir='ltr'><strong>piscatorum</strong></span> <span class='ocrx_word' id='word_1_202' title='bbox 1416 4608 1425 4627; x_wconf 90' lang='lat'><em>.</em></span> <span class='ocrx_word' id='word_1_203' title='bbox 1558 4606 1567 4623; x_wconf 91' lang='lat'><strong>.</strong></span> <span class='ocrx_word' id='word_1_204' title='bbox 1701 4606 1709 4624; x_wconf 89' lang='lat'><strong><em>.</em></strong></span> 
     </span>
     <span class='ocr_line' id='line_1_29' title="bbox 550 4686 1714 4773; baseline -0.003 -20"><span class='ocrx_word' id='word_1_205' title='bbox 550 4688 610 4753; x_wconf 90' lang='lat' dir='ltr'><strong>De</strong></span> <span class='ocrx_word' id='word_1_206' title='bbox 623 4687 785 4771; x_wconf 86' lang='lat' dir='ltr'><strong>Johanne</strong></span> <span class='ocrx_word' id='word_1_207' title='bbox 801 4686 979 4772; x_wconf 82' lang='lat' dir='ltr'><strong>Sampson</strong></span> <span class='ocrx_word' id='word_1_208' title='bbox 994 4708 1059 4771; x_wconf 89' lang='lat' dir='ltr'><strong>pro</strong></span> <span class='ocrx_word' id='word_1_209' title='bbox 1074 4698 1276 4754; x_wconf 90' lang='lat' dir='ltr'><strong>tenemento</strong></span> <span class='ocrx_word' id='word_1_210' title='bbox 1296 4708 1407 4773; x_wconf 85' lang='lat' dir='ltr'><strong>nuper</strong></span> <span class='ocrx_word' id='word_1_211' title='bbox 1429 4686 1591 4755; x_wconf 87' lang='lat' dir='ltr'><strong>Silvestri</strong></span> <span class='ocrx_word' id='word_1_212' title='bbox 1612 4686 1714 4772; x_wconf 85' lang='lat' dir='ltr'><strong>Legh</strong></span> 
     </span>
    </p>
   </div>
   <div class='ocr_carea' id='block_1_13' title="bbox 553 4942 1712 5033">
    <p class='ocr_par' dir='ltr' id='par_1_16' title="bbox 553 4942 1712 5033">
     <span class='ocr_line' id='line_1_30' title="bbox 553 4942 1712 5033; baseline -0.005 -21"><span class='ocrx_word' id='word_1_213' title='bbox 553 4946 609 5012; x_wconf 91' lang='lat' dir='ltr'><strong>De</strong></span> <span class='ocrx_word' id='word_1_214' title='bbox 624 4944 784 5011; x_wconf 90' lang='lat' dir='ltr'><strong>Roberto</strong></span> <span class='ocrx_word' id='word_1_215' title='bbox 800 4942 923 5031; x_wconf 89' lang='lat' dir='ltr'><strong>Gyene</strong></span> <span class='ocrx_word' id='word_1_216' title='bbox 937 4964 1002 5028; x_wconf 94' lang='lat' dir='ltr'><strong>pro</strong></span> <span class='ocrx_word' id='word_1_217' title='bbox 1017 4964 1130 5011; x_wconf 82' lang='lat' dir='ltr'><strong>vacua</strong></span> <span class='ocrx_word' id='word_1_218' title='bbox 1144 4946 1270 5030; x_wconf 83' lang='lat' dir='ltr'><strong>placea</strong></span> <span class='ocrx_word' id='word_1_219' title='bbox 1284 4946 1384 5011; x_wconf 73' lang='lat' dir='ltr'><strong>iuxta</strong></span> <span class='ocrx_word' id='word_1_220' title='bbox 1398 4944 1661 5033; x_wconf 81' lang='lat' dir='ltr'><strong>seyngilesyate</strong></span> <span class='ocrx_word' id='word_1_221' title='bbox 1702 4988 1712 5007; x_wconf 91' lang='lat'><strong>.</strong></span> 
     </span>
    </p>
   </div>
   <div class='ocr_carea' id='block_1_14' title="bbox 1235 5116 1393 5184">
    <p class='ocr_par' dir='ltr' id='par_1_17' title="bbox 1235 5116 1393 5184">
     <span class='ocr_line' id='line_1_31' title="bbox 1235 5116 1393 5184; baseline 0 -16"><span class='ocrx_word' id='word_1_222' title='bbox 1235 5116 1322 5169; x_wconf 62' lang='lat' dir='ltr'><strong>ms.</strong></span> <span class='ocrx_word' id='word_1_223' title='bbox 1340 5132 1393 5184; x_wconf 64' lang='lat' dir='ltr'><strong>pa.</strong></span> 
     </span>
    </p>
   </div>
   <div class='ocr_carea' id='block_1_15' title="bbox 1881 1117 2072 1341">
    <p class='ocr_par' dir='ltr' id='par_1_18' title="bbox 1881 1117 2072 1341">
     <span class='ocr_line' id='line_1_32' title="bbox 1881 1117 2072 1205; baseline -0.01 -20"><span class='ocrx_word' id='word_1_224' title='bbox 1881 1117 1970 1204; x_wconf 85' lang='lat' dir='ltr'><strong>viijs.</strong></span> <span class='ocrx_word' id='word_1_225' title='bbox 1987 1117 2072 1205; x_wconf 84' lang='lat' dir='ltr'><strong>iiija&#39;.</strong></span> 
     </span>
     <span class='ocr_line' id='line_1_33' title="bbox 1985 1254 2070 1341; baseline -0.024 -19"><span class='ocrx_word' id='word_1_226' title='bbox 1985 1254 2070 1341; x_wconf 79' lang='lat' dir='ltr'>xiid.</span> 
     </span>
    </p>
   </div>
   <div class='ocr_carea' id='block_1_16' title="bbox 2018 1683 2069 1866">
    <p class='ocr_par' dir='ltr' id='par_1_19' title="bbox 2018 1683 2069 1866">
     <span class='ocr_line' id='line_1_34' title="bbox 2020 1683 2069 1729; baseline 0 0"><span class='ocrx_word' id='word_1_227' title='bbox 2020 1683 2069 1729; x_wconf 75' lang='lat' dir='ltr'><strong>VS·</strong></span> 
     </span>
     <span class='ocr_line' id='line_1_35' title="bbox 2018 1820 2067 1866; baseline -0.02 0"><span class='ocrx_word' id='word_1_228' title='bbox 2018 1820 2067 1866; x_wconf 75' lang='lat' dir='ltr'><strong>VS·</strong></span> 
     </span>
    </p>
   </div>
   <div class='ocr_carea' id='block_1_17' title="bbox 1866 1934 2064 2023">
    <p class='ocr_par' dir='ltr' id='par_1_20' title="bbox 1866 1934 2064 2023">
     <span class='ocr_line' id='line_1_36' title="bbox 1866 1934 2064 2023; baseline -0.02 -20"><span class='ocrx_word' id='word_1_229' title='bbox 1866 1939 1953 2023; x_wconf 86' lang='lat' dir='ltr'><strong>xvjs.</strong></span> <span class='ocrx_word' id='word_1_230' title='bbox 1969 1934 2064 2022; x_wconf 80' lang='lat' dir='ltr'>viiid.</span> 
     </span>
    </p>
   </div>
   <div class='ocr_carea' id='block_1_18' title="bbox 2017 2233 2066 2278">
    <p class='ocr_par' dir='ltr' id='par_1_21' title="bbox 2017 2233 2066 2278">
     <span class='ocr_line' id='line_1_37' title="bbox 2017 2233 2066 2278; baseline 0 0"><span class='ocrx_word' id='word_1_231' title='bbox 2017 2233 2066 2278; x_wconf 78' lang='lat' dir='ltr'><strong>VS.</strong></span> 
     </span>
    </p>
   </div>
   <div class='ocr_carea' id='block_1_19' title="bbox 1982 2350 2066 2551">
    <p class='ocr_par' dir='ltr' id='par_1_22' title="bbox 1982 2350 2066 2551">
     <span class='ocr_line' id='line_1_38' title="bbox 1984 2350 2066 2417; baseline -0.024 0"><span class='ocrx_word' id='word_1_232' title='bbox 1984 2350 2066 2417; x_wconf 76' lang='lat' dir='ltr'><strong>xxd.</strong></span> 
     </span>
     <span class='ocr_line' id='line_1_39' title="bbox 1982 2484 2065 2551; baseline -0.012 0"><span class='ocrx_word' id='word_1_233' title='bbox 1982 2484 2065 2551; x_wconf 74' lang='lat' dir='ltr'><strong>xxd.</strong></span> 
     </span>
    </p>
   </div>
   <div class='ocr_carea' id='block_1_20' title="bbox 2013 2776 2062 2823">
    <p class='ocr_par' dir='ltr' id='par_1_23' title="bbox 2013 2776 2062 2823">
     <span class='ocr_line' id='line_1_40' title="bbox 2013 2776 2062 2823; baseline -0.041 0"><span class='ocrx_word' id='word_1_234' title='bbox 2013 2776 2062 2823; x_wconf 79' lang='lat' dir='ltr'><strong>VS.</strong></span> 
     </span>
    </p>
   </div>
   <div class='ocr_carea' id='block_1_21' title="bbox 1926 2894 2064 2981">
    <p class='ocr_par' dir='ltr' id='par_1_24' title="bbox 1926 2894 2064 2981">
     <span class='ocr_line' id='line_1_41' title="bbox 1926 2894 2064 2981; baseline 0 0"><span class='ocrx_word' id='word_1_235' title='bbox 1926 2894 2064 2981; x_wconf 62' lang='lat' dir='ltr'><strong>oee-</strong></span> 
     </span>
    </p>
   </div>
   <div class='ocr_carea' id='block_1_22' title="bbox 0 0 2492 6309">
    <p class='ocr_par' dir='ltr' id='par_1_25' title="bbox 0 0 2492 6309">
     <span class='ocr_line' id='line_1_42' title="bbox 0 0 2492 6309; baseline 0 7"><span class='ocrx_word' id='word_1_236' title='bbox 0 0 2492 6309; x_wconf 95' lang='lat' dir='ltr'><strong> </strong></span> 
     </span>
    </p>
   </div>
  </div>
 </body>
</html>
