4975 6309
599 758 670 831 1⁶0
932 750 1030 843 dte
1054 750 1544 843 utuleueotoouot
1575 752 1761 844 bustel

592 965 638 1033 de
689 983 762 1033 non
816 964 967 1054 integris
1013 964 1217 1033 tenentibus
1270 984 1378 1052 quam
1420 964 1572 1052 integris
1612 966 1829 1049 tenennbus,
1872 969 1919 1037 de
1961 972 2098 1055 caenis,

590 1100 768 1183 dominiis,
797 1102 977 1185 maneriis,
1005 1102 1112 1183 villls,
1141 1102 1256 1185 terris,
1285 1101 1509 1183 tenementis,
1537 1100 1637 1184 locis,
1667 1102 1782 1173 feodis
1805 1106 1986 1192 predictis,
2014 1109 2099 1178 licet

589 1238 697 1307 iidem
736 1249 899 1309 tenentes
941 1240 988 1309 de
1026 1239 1186 1327 predicto
1236 1238 1528 1309 metuendissirno
1570 1240 1715 1307 domino
1758 1260 1840 1309 meo
1881 1262 1969 1331 rege
2010 1244 2100 1313 alibi

588 1383 735 1444 teuenm
768 1376 807 1443 in
846 1374 964 1463 capite
1000 1385 1042 1445 ut
1079 1377 1126 1443 de
1163 1394 1297 1443 corone
1333 1374 1394 1443 vel
1433 1376 1506 1445 alio
1544 1376 1663 1458 modo,
1699 1376 1807 1443 sinum
1835 1398 1917 1447 cum
1944 1378 2096 1463 forestis,

586 1510 739 1596 chama
774 1512 904 1601 parcis,
939 1514 1068 1595 bose.
1098 1512 1289 1595 warennis
1324 1511 1433 1595 fenis
1469 1514 1646 1597 nme
1680 1516 1794 1602 aquis
1829 1514 1982 1603 mnus
2017 1518 2096 1601 aa

585 1650 759 1739 pumen
795 1650 1015 1732 emmanue,
1052 1650 1211 1732 manis
1246 1649 1372 1731 vasae
1407 1658 1445 1717 et
1479 1636 1728 1737 perbreuis,
1765 1655 1921 1721 amiam
1957 1666 2098 1723 amna-

585 1787 747 1857 cionibus
781 1798 818 1855 et
854 1788 1048 1856 redditibus
1076 1805 1375 1875 quorumcumque
1403 1795 1628 1870 matorum,
1656 1797 1838 1855 vestorum
1865 1797 1904 1855 et
1930 1808 2097 1875 purpres·

585 1932 753 2008 merum,
783 1934 858 1992 tem
892 1924 1112 2012 temporibus
1148 1922 1417 2012 progenitorum
1455 1923 1607 2010 predicti
1644 1924 1927 1992 metuendissimi
1963 1926 2099 1993 domini

584 2062 656 2131 mel
702 2062 818 2150 Regis
863 2063 1044 2149 quondam
1087 2062 1232 2149 Regum
1277 2061 1424 2149 Anglie,
1468 2080 1578 2147 quam
1619 2062 1773 2149 predicti
1814 2064 2096 2132 metuendissimi

583 2198 1393 2287 dominimeiRegiuinforestisparcis,
1430 2199 1894 2267 chaceisaceliislocis
1928 2200 2097 2286 predictis

583 2344 822 2403 mentetorum
869 2345 906 2403 et
951 2355 1091 2404 exnunc
1137 2335 1423 2416 erentendorum,
1472 2354 1626 2403 unucum
1665 2334 1797 2403 linibus
1832 2356 1898 2421 pro
1933 2337 2097 2423 ingressu

582 2472 784 2541 huiusmodi
805 2484 1028 2555 assertorum,
1050 2484 1230 2541 vestorum
1258 2484 1296 2540 et
1322 2482 1630 2559 purpreeturarum
1661 2474 1715 2541 sic
1743 2475 2029 2551 tremendorum,
2058 2484 2096 2542 et

582 2630 663 2680 cum
714 2612 831 2693 curiis,
878 2608 1014 2677 risibus
1060 2606 1296 2695 imeiplegli,
1348 2606 1552 2689 hundredis,
1598 2608 1864 2693 wapentachiis,
1904 2609 2022 2677 wreko
2057 2619 2096 2677 et

580 2747 684 2837 wayl',
724 2748 883 2836 piscibus
914 2744 1105 2834 regalibus,
1126 2746 1353 2813 libertatibus
1372 2745 1555 2833 regalibus
1575 2754 1615 2813 et
1635 2746 1759 2812 liberis
1780 2745 2095 2813 consuetudinibus

582 2902 625 2954 ec
653 2884 818 2952 omnibus
847 2884 929 2950 aliis
957 2883 1004 2949 ed
1033 2892 1161 2964 castre,
1187 2882 1356 2962 dominia,
1387 2882 1557 2964 manerio,
1587 2882 1705 2961 villas,
1731 2890 1854 2961 terres,
1877 2889 2092 2961 tenemento,

580 3019 661 3087 loce
689 3029 726 3087 et
753 3019 858 3087 feoda
893 3018 1053 3107 predicta
1080 3018 1382 3107 qualitercumque
1417 3030 1455 3089 et
1489 3020 1702 3106 ubicumque
1739 3017 1983 3105 spectantibus
2018 3016 2094 3085 sive

580 3156 850 3243 pertinentibus.
894 3157 943 3225 Et
971 3160 1067 3246 quod
1094 3176 1162 3227 nos
1189 3159 1388 3225 habeamus
1415 3158 1632 3245 perbrevis
1660 3156 1813 3244 predicti
1852 3154 1989 3222 domini
2023 3154 2096 3222 mei

500 3376 506 3388 Ι
581 3293 698 3382 Regis
726 3294 959 3361 etheredum
989 3314 1131 3363 suorum
1160 3295 1382 3380 Justicierios
1411 3315 1501 3382 quos
1529 3314 1597 3363 nos
1624 3293 1830 3361 duxerimus
1857 3292 2094 3360 nominandos

580 3430 628 3495 ed
651 3428 900 3521 itinerandum,
923 3430 970 3497 ad
998 3430 1133 3517 placita
1161 3429 1291 3499 foreste
1319 3431 1359 3499 in
1387 3430 1553 3499 omnibus
1572 3428 1714 3497 forestis
1734 3428 1903 3514 predictis
1925 3428 2093 3515 quociens

580 3584 671 3652 opus
710 3564 816 3633 buerit
855 3576 892 3633 et
933 3567 1038 3635 nobis
1065 3568 1194 3635 viderit
1230 3568 1402 3655 expediri.
1456 3568 1506 3635 Et
1534 3568 1649 3635 eciem
1678 3568 1775 3653 quod
1803 3585 1870 3633 nos
1897 3566 2094 3631 habeamus

580 3720 704 3770 omnes
732 3700 832 3783 lines,
854 3702 1131 3790 redempciones,
1152 3705 1271 3773 exitus
1299 3704 1509 3786 forisfactus,
1539 3703 1826 3781 amerciementa,
1854 3700 2094 3770 forisfacturas

579 3847 617 3907 et
652 3839 870 3907 reversiones
902 3850 939 3909 et
978 3842 1051 3909 alia
1087 3839 1244 3928 proficue
1284 3861 1502 3930 quecumque
1531 3841 1571 3909 in
1599 3840 1784 3908 itineribus
1821 3839 1992 3926 predictis
2029 3858 2093 3907 seu

579 3975 722 4045 nerone
765 3978 956 4045 eorundem
999 3978 1165 4047 itinerum
1208 3990 1284 4047 tam
1327 3998 1393 4067 pro
1436 3978 1782 4066 transgressionibus
1825 3978 1871 4043 de
1909 3976 2015 4043 viridi
2056 3984 2094 4043 et

579 4112 783 4195 macione,
813 4133 921 4198 quem
948 4134 1015 4201 pro
1036 4114 1166 4183 delicto
1187 4124 1224 4183 et
1245 4116 1364 4183 causis
1386 4114 1468 4183 aliis
1489 4116 1768 4201 quibuscumque
1789 4112 2092 4199 qualitercumque

580 4248 829 4334 proveniencie
879 4270 943 4317 seu
987 4252 1222 4339 emergendo,
1266 4252 1325 4321 Ite
1368 4254 1465 4341 quod
1508 4273 1576 4320 nos
1618 4253 1814 4319 habeamus
1859 4268 1924 4335 per
1966 4266 2093 4316 manus

580 4382 791 4453 ballivorum
820 4396 857 4454 et
885 4387 1124 4457 ministrorum
1154 4398 1356 4458 nostromm
1390 4388 1492 4470 fines,
1528 4388 1805 4475 redemptiones,
1837 4386 1956 4453 exitus
1990 4382 2092 4451 foris·

582 4518 706 4601 fictos
736 4522 1024 4606 ameroiamenta,
1053 4522 1296 4593 forisfacturas
1323 4534 1361 4592 et
1389 4524 1463 4592 alia
1489 4522 1648 4611 proficua
1675 4522 1836 4609 predicta
1864 4522 1910 4589 de
1934 4520 2007 4588 illis
2032 4520 2094 4608 qui

581 4654 628 4723 de
656 4666 693 4724 et
721 4656 759 4723 in
787 4658 924 4740 cestris,
954 4659 1132 4739 dominiis,
1168 4660 1348 4743 maneriis,
1387 4660 1492 4743 villis,
1528 4660 1643 4741 terris,
1684 4659 1896 4728 tenementis
1936 4667 1974 4726 et
2012 4654 2094 4725 aliis

581 4790 672 4859 locis
708 4800 745 4859 et
779 4792 892 4863 feodis
931 4796 1099 4881 predictis
1130 4796 1262 4866 luserint
1297 4818 1362 4884 per
1388 4807 1568 4865 extractas
1592 4799 1784 4863 eorundem
1811 4793 2091 4879 Justicieriorum

494 4981 502 4998 .
581 4926 828 4997 itinerantium
886 4931 924 4997 in
983 4932 1168 5002 itineribus
1221 4934 1297 5001 suis
1348 4934 1482 5002 eisdem
1526 4934 1670 5001 ballivis
1712 4942 1750 4999 et
1792 4930 1966 4999 ministris
2008 4932 2092 4999 inde

580 5068 783 5138 liberandus
832 5071 962 5152 levare,
1001 5071 1181 5161 percipere
1223 5081 1261 5139 et
1309 5072 1441 5140 babere
1490 5070 1688 5158 possimus;
1743 5079 1781 5137 et
1823 5088 1947 5139 omnes
1988 5066 2091 5148 fines,
