4975 6309
585 749 634 838 84
925 741 1020 832 llbe
1044 740 1183 830 little
1207 742 1306 831 ltro
1330 741 1459 830 Boot
1484 742 1534 831 ot
1564 740 1753 832 nestor.

584 957 650 1022 iret
671 956 755 1022 inde
776 955 853 1021 sine
876 955 943 1036 die,
958 965 996 1023 et
1011 956 1107 1042 quod
1126 957 1329 1022 Bernardus
1350 963 1572 1040 recuperaret
1585 957 1742 1042 dampna
1761 966 1798 1023 et
1812 977 1988 1042 expensas
2008 981 2091 1028 suas

582 1113 706 1159 versus
744 1094 941 1178 predictum
974 1093 1094 1159 Adam
1124 1103 1161 1160 et
1195 1093 1335 1180 plegios
1370 1113 1453 1159 suos
1487 1112 1556 1178 que
1592 1097 1811 1160 taxabuntur
1843 1116 1907 1180 per
1936 1095 2090 1179 Curiam,

582 1232 707 1299 habito
734 1243 897 1318 respectu
926 1233 972 1298 ad
1001 1252 1129 1313 moras,
1160 1241 1286 1313 sectas,
1317 1233 1521 1312 dilaciones,
1550 1230 1714 1299 defensas
1737 1243 1774 1299 et
1797 1252 1975 1318 expensas
2000 1254 2090 1319 quas

582 1387 627 1433 ea
656 1368 842 1435 occasione
870 1369 1048 1448 sustinuit,
1079 1370 1125 1435 ad
1152 1390 1180 1435 x
1206 1369 1328 1447 libres,
1357 1379 1395 1436 et
1435 1389 1541 1454 super
1573 1369 1644 1436 hiis
1673 1380 1777 1436 vocat
1805 1372 1939 1436 mtulos
1975 1381 2090 1438 vestre

582 1504 751 1590 gyldaule
804 1505 842 1569 in
886 1504 1083 1571 subsidium
1135 1524 1199 1589 pro
1242 1504 1349 1570 bonis
1392 1505 1466 1571 suis
1509 1506 1603 1572 vnde
1647 1525 1726 1572 cum
1770 1523 1836 1572 nec
1878 1507 1939 1572 lex
1993 1526 2088 1574 com-

581 1641 699 1708 munis
738 1661 804 1708 nec
840 1643 900 1707 lex
939 1641 1147 1708 mercatoria
1187 1641 1370 1726 permittet
1409 1642 1504 1728 quod
1542 1662 1622 1708 cum
1661 1643 1790 1728 aliquis
1820 1643 1857 1708 in
1887 1643 2088 1710 huiusmodi

581 1775 714 1863 placito
751 1799 816 1864 per
852 1777 960 1846 finale
999 1779 1167 1845 iudicium
1199 1779 1340 1864 quietus
1373 1789 1566 1846 recesserat
1599 1782 1694 1866 quod
1731 1781 1822 1847 alias
1851 1781 2011 1847 trahatur
2051 1783 2089 1847 in

582 1915 753 2001 placitum
791 1915 837 1980 de
875 1917 1010 1981 eodem.
1069 1913 1167 1980 Hinc
1210 1925 1265 1981 est
1309 1916 1404 2000 quod
1447 1936 1512 1982 vos
1555 1936 1619 2000 per
1662 1917 1875 1984 intermutua
1920 1921 2090 1985 mandata

578 2072 746 2138 rogamus
774 2052 870 2137 quod
898 2053 1063 2118 scrutatis
1094 2052 1220 2118 rotulis
1248 2062 1284 2118 et
1308 2050 1547 2118 memorandis
1574 2053 1701 2119 vestris
1730 2073 1773 2120 ea
1798 2074 1867 2139 que
1892 2054 1930 2120 in
1956 2054 2087 2121 eisdem

578 2191 672 2256 cirea
708 2189 881 2275 premissa
923 2189 1082 2256 inuenire
1119 2188 1307 2274 eontigerit
1346 2189 1450 2254 nobis
1484 2208 1548 2273 per
1583 2189 1721 2256 litteras
1749 2199 1886 2257 vestras
1923 2200 2086 2274 patentes

578 2331 718 2394 clausas
745 2328 870 2393 harum
897 2338 1054 2394 tenorem
1083 2328 1305 2394 continentes
1334 2327 1400 2393 sub
1424 2337 1542 2393 vestro
1572 2328 1749 2393 communi
1778 2328 1897 2413 sigillo
1923 2328 2088 2395 distincte

579 2475 616 2531 et
655 2474 776 2550 aperte
815 2464 965 2530 mittatis
1004 2464 1151 2530 indilate
1179 2475 1218 2530 vt
1247 2465 1381 2531 eisdem
1421 2449 1590 2550 inspectis
1625 2474 1661 2531 et
1690 2465 1878 2532 intellectis
1916 2467 1953 2532 in
1994 2467 2088 2532 dicto

579 2599 711 2684 placito
769 2599 884 2666 facere
936 2601 1114 2684 possimus
1165 2602 1260 2685 quod
1304 2602 1496 2668 secundum
1549 2603 1665 2687 legem
1709 2612 1745 2668 et
1800 2603 2088 2669 consuetudinem

581 2736 825 2804 mercatoriam
868 2734 973 2803 fuerit
1023 2735 1233 2802 faciendum.
1290 2735 1469 2823 Scriptum
1513 2739 1609 2824 apud
1651 2737 1851 2805 Eboracum
1908 2738 1971 2824 xiij
2032 2739 2089 2804 die

582 2871 739 2956 Augusti
762 2891 857 2938 anno
879 2872 982 2957 regni
1006 2874 1101 2958 regis
1125 2871 1326 2962 E[dwardi]
1350 2873 1416 2939 filii
1441 2873 1557 2960 Regis
1581 2871 1761 2964 H[enrici]
1786 2875 1875 2960 xiiij.
1919 2873 1987 2941 Vel
2009 2884 2093 2959 post

348 3024 551 3078 conusens
582 3008 742 3074 mandari
778 3011 845 3076 sub
872 3009 1073 3076 breuiorum
1101 3011 1219 3077 verbis
1248 3011 1286 3077 in
1313 3012 1515 3078 huiusmodi
1544 3032 1628 3078 casu
1663 3013 1714 3078 sic
1727 3012 1931 3079 :-Dilectis
1964 3011 2090 3077 amicis

347 3088 556 3207 Lssfflss
581 3146 655 3211 suis
678 3145 858 3231 preposito
880 3157 917 3212 et
942 3146 1089 3214 ciuibus
1109 3147 1370 3214 Parisiensibus
1395 3149 1653 3216 honestissimis
1678 3159 1715 3216 et
1740 3150 1896 3216 eiusdem
1923 3147 2087 3217 Ciuitatis

364 3231 543 3336 Purffiu·
582 3281 845 3362 Communitati‚
881 3283 937 3350 sui
973 3285 1080 3350 amici
1118 3285 1236 3353 Maior
1265 3295 1301 3352 et
1329 3286 1435 3353 Ciues
1464 3286 1623 3354 London.
1659 3296 1696 3352 et
1729 3287 1888 3352 eiusdem
1926 3284 2090 3352 Ciuitatis

580 3419 823 3488 Communitas
866 3423 1026 3488 salutem.
1081 3421 1175 3507 Quia
1209 3423 1388 3508 quoddam
1421 3423 1591 3510 placitum
1626 3425 1759 3508 pendet
1791 3423 1830 3488 in
1864 3421 2022 3508 presenti
2051 3421 2089 3487 in

578 3556 737 3642 gildaula
766 3567 888 3624 nostra
923 3560 968 3624 de
1002 3561 1155 3644 quodam
1192 3561 1313 3627 debito
1347 3561 1397 3627 xl.
1432 3563 1601 3627 librarum
1637 3561 1729 3628 inter
1757 3559 1878 3627 Adam
1914 3559 2088 3626 Bernardi

577 3703 806 3760 mercatorem
842 3704 1047 3779 querentem
1075 3715 1123 3762 ex
1150 3706 1252 3781 parte
1282 3717 1363 3778 vne,
1394 3708 1430 3764 et
1464 3698 1684 3764 Bernardum
1713 3698 1794 3764 Ade
1828 3695 2085 3764 deffendentem

575 3851 623 3896 ex
650 3832 763 3897 altera
791 3841 828 3896 et
855 3831 948 3897 vnde
978 3830 1073 3898 idem
1095 3833 1299 3901 Bernardus
1327 3834 1536 3920 dicitquod
1565 3837 1660 3902 idem
1688 3836 1807 3902 Adam
1836 3834 1953 3920 ipsum
1987 3834 2088 3913 alias,

577 3969 713 4035 scilicet
736 3968 846 4036 Anno
873 3969 1009 4036 domini
1035 3969 1091 4036 Μο
1120 3970 1176 4036 cc⁰
1203 3970 1403 4058 lunuxvjl’,l
1436 3973 1627 4058 Regnique
1645 3973 1739 4040 clere
1760 3971 1929 4038 memorie
1955 3970 2090 4036 domini

576 4104 735 4191 Philippi
759 4105 907 4172 illustris
932 4108 1048 4193 Regis
1069 4106 1216 4174 ffrencie
1239 4107 1300 4174 xv¹
1328 4129 1447 4176 coram
1473 4110 1654 4195 preposito
1677 4119 1713 4175 et
1736 4109 1884 4176 Ciuibus
1910 4108 2089 4174 Parisien-

577 4241 677 4308 sibus
705 4243 744 4306 in
773 4239 881 4308 Gilda
907 4241 1004 4308 Aule
1031 4243 1227 4310 Parisiensi
1255 4245 1302 4316 de
1326 4247 1450 4312 eodem
1474 4245 1606 4332 placito
1632 4245 1877 4332 implaciteuit.
1923 4243 1971 4310 Et
1997 4245 2090 4328 quod

577 4378 654 4462 ipse
683 4397 748 4461 per
776 4349 1100 4446 consideracionem
1129 4381 1287 4448 eiusdem
1318 4382 1423 4450 Curis
1451 4404 1475 4450 a
1508 4383 1668 4469 predicto
1704 4381 1825 4448 debito
1851 4389 1888 4447 et
1930 4379 2088 4446 eiusdem

576 4513 844 4581 examinacione
899 4516 1091 4583 exaccione
1130 4537 1194 4584 seu
1233 4519 1424 4586 demende²
1472 4520 1728 4606 imperpetuum
1771 4537 1893 4584 versus
1937 4517 2089 4583 eundem

577 4651 696 4717 Adam
724 4654 869 4720 recessit
898 4653 1038 4738 quietus
1068 4674 1134 4721 vos
1161 4654 1209 4720 ad
1237 4653 1438 4720 consimilia
1462 4655 1633 4721 mandata
1653 4654 1867 4721 intermutua
1891 4653 2089 4738 optinenda

577 4809 755 4876 rogamus,
785 4790 880 4873 quod
908 4790 1078 4856 scrutatis
1109 4790 1235 4856 rotulis
1271 4800 1306 4856 et
1344 4790 1425 4857 aliis
1454 4791 1691 4858 memorandis
1719 4791 1845 4858 vestris
1874 4791 1919 4855 de
1947 4789 2090 4875 placitis

576 4931 615 4996 in
649 4929 809 5036 predicta
843 4929 1004 5016 gildaula
1035 4930 1225 5015 parisiensi
1261 4950 1305 4996 ea
1341 4951 1411 5016 que
1452 4931 1603 4998 inueniri
1643 4931 1681 4996 in
1721 4929 1855 4996 eisde-
1898 4929 2087 5014 contigerit

895 5099 1474 5168 ¹1uedntemdregndyersmnmifu1.
1541 5101 1778 5154 ‘MS.denlmde.
