4975 6309
548 778 589 831 12
883 748 980 839 ttbe
1004 745 1142 837 little
1166 747 1265 837 'neb
1288 745 1417 837 noot
1442 745 1493 836 of
1522 744 1712 838 tnztol.

542 963 633 1032 Item
648 984 712 1050 pro
727 962 853 1050 papiro
875 971 911 1030 et
932 982 1013 1048 par·
1348 959 1440 1028 Ano
1489 958 1545 1025 ior
1592 980 1705 1047 paper
1751 962 1824 1029 and

585 1120 733 1167 cameno
807 1149 816 1166 .
906 1148 914 1167 .
1003 1146 1013 1166 .
1066 1098 1129 1184 vjs.
1143 1096 1241 1184 viijd.
1393 1096 1603 1180 parchment
1714 1140 1724 1158 .
1811 1144 1821 1163 .
1923 1100 1972 1165 6s.
1995 1095 2051 1163 ad.

543 1232 646 1304 ¹Item
660 1256 724 1323 pro
735 1236 820 1303 vino
831 1234 1014 1301 annuatim
1080 1235 1132 1318 ijs.
1145 1232 1241 1320 viijd.
1349 1232 1441 1299 Also
1462 1230 1518 1299 for
1537 1232 1631 1299 wine
1651 1232 1823 1320 annually
1925 1252 1973 1301 as.
1995 1233 2051 1301 ad.

810 1369 959 1439 Summa
973 1368 1052 1455 iijli.
1067 1370 1130 1457 vjs.
1146 1367 1242 1455 viijd.
1719 1368 1826 1437 'Iotal
1845 1364 1899 1455 ξι
1925 1373 1972 1438 ⁶5.
1996 1370 2052 1440 td.

544 1506 636 1575 Item
682 1508 875 1575 Attornato
920 1506 1015 1585 ville,
1351 1503 1443 1571 Also
1456 1503 1571 1571 tothe
1588 1504 1766 1593 Attorney
1786 1503 1829 1573 of

587 1666 652 1735 pro
666 1646 838 1733 pensione
852 1663 917 1711 sua
1005 1690 1013 1709 .
1162 1640 1242 1728 iijli.
1396 1643 1458 1711 the
1478 1654 1574 1713 town
1594 1643 1648 1711 for
1669 1645 1826 1733 hispon-

544 1782 875 1870 Itemproffurrara
896 1800 962 1847 sua
1006 1828 1015 1845 .
1068 1777 1242 1865 vinviijd.
1396 1779 1475 1847 sion
1519 1830 1529 1846 .
1588 1807 1627 1846 ·.
1715 1829 1725 1848 .
1814 1830 1824 1849 .
1869 1780 1921 1867 ἐς
1965 1803 1989 1851 ο
2029 1804 2053 1850 o

1349 1916 1441 1983 Also
1455 1915 1650 1983 forhisfur
1715 1966 1725 1985 .
1814 1966 1824 1983 .
1927 1921 1975 1987 65.
1997 1917 2051 1987 td.

805 2054 953 2123 Summa
974 2053 1054 2139 iijlt.
1068 2054 1132 2140 vis.
1147 2051 1244 2139 viijd.
1719 2052 1826 2122 Total
1868 2050 1921 2140 fis
1966 2058 1988 2123 ⁶
2031 2058 2052 2120 8

544 2190 649 2260 ¹Item
690 2192 866 2259 Portatori
910 2190 1018 2257 Ensis
1352 2188 1689 2256 Alsotothesword
1702 2189 1827 2257 bearet

588 2328 771 2395 annuatim
776 2346 840 2413 pro
849 2327 1020 2413 pensione
1396 2325 1567 2413 annuany
1586 2325 1641 2392 ior
1659 2325 1718 2393 his
1737 2344 1824 2413 pen·

589 2485 722 2531 sua.
811 2512 821 2529 .
909 2512 919 2530 .
1009 2512 1017 2529 .
1166 2462 1246 2550 iijli.
1398 2460 1529 2527 sion.
1618 2509 1628 2525 .
1716 2509 1726 2526 .
1815 2461 2054 2547 .,6300

547 2610 583 2669 et
611 2620 675 2686 pro
713 2600 843 2667 librata
879 2620 945 2667 sua
980 2602 1020 2667 xl
1241 2560 1246 2573 Ι
1354 2596 1441 2664 And
1468 2594 1524 2663 for
1550 2595 1607 2663 his
1635 2596 1748 2685 livery
1783 2617 1827 2682 40

591 2737 698 2823 Raijs
711 2757 791 2805 cum
805 2756 925 2822 panno
940 2758 1024 2804 oon·
1398 2733 1502 2821 Rays
1528 2734 1616 2801 with
1643 2734 1741 2802 eloth
1765 2754 1826 2803 ac·

593 2875 760 2941 cordante
786 2883 823 2940 et
852 2894 917 2958 pro
938 2874 1021 2941 ffur-
1157 2844 1163 2865 ⁸
1397 2871 1546 2958 eording
1556 2869 1826 2939 andiorhisfur
1928 2877 1976 2941 ts.
1999 2872 2052 2942 ed.

594 3030 677 3077 rura
690 3030 756 3077 sua
814 3058 823 3075 .
912 3058 922 3075 .
1010 3058 1019 3077 .
1074 3012 1137 3098 vjs.
1151 3009 1248 3099 viijd.

403 3304 461 3323 -·
551 3266 827 3345 EXPENCE
842 3266 1031 3344 FACTE
1046 3268 1119 3344 m
1128 3268 1441 3346 scnccAnlo
1455 3268 1857 3349 DOMJNJREGJS
1868 3270 2054 3349 SUPER
2105 3258 2256 3375 m

558 3417 880 3495 coMPOTUM
898 3417 1441 3496 DETERMJNACJONJS
1463 3420 1738 3501 ALJCUJUS
1770 3422 2053 3503 VJOEcoMJ-
2080 3398 2269 3512 iffi„

606 3568 692 3644 ns
726 3567 1052 3645 commas
1082 3567 1362 3646 BRJSTOLL
1402 3570 1843 3663 commanent,
1879 3574 2003 3651 erc.

553 3717 597 3784 In
611 3716 735 3803 primis
749 3736 814 3803 pro
828 3718 917 3783 billa
930 3718 975 3783 de
990 3726 1167 3785 attornato
1181 3728 1218 3785 et
1231 3719 1426 3787 Intraciono
1439 3739 1623 3789 causarum
1633 3732 1708 3789 tam

638 3854 856 3923 vioecomitis
869 3875 976 3940 quam
992 3854 1192 3923 Escaetoris
1275 3905 1283 3922 .
1369 3901 1377 3913 ι
1416 3906 1425 3925 .
1557 3907 1565 3926 .
1697 3908 1707 3927 .
2001 3864 2055 3949 ijs.

553 3990 644 4057 Item
658 3990 831 4059 forinseco
846 3993 1040 4079 apposituri
1055 4002 1091 4061 et
1105 3994 1232 4061 clerico
1247 4014 1312 4061 suo
1418 4043 1426 4060 .
1559 4044 1567 4059 .
1700 4044 1709 4061 .
1880 3997 2055 4084 xJ's.viijd.

553 4126 644 4193 Item
659 4124 795 4195 Clerioo
810 4128 899 4213 Pipe
913 4138 949 4195 et
964 4128 1181 4198 secundario
1195 4132 1353 4199 eiusdem
1415 4180 1424 4199 .
1556 4184 1565 4199 .
1697 4182 1707 4201 .
2003 4158 2055 4206 xs.

552 4266 644 4332 Item
659 4265 941 4333 Rememoratori
955 4266 1178 4335 Tbesaurarii
1276 4316 1287 4336 .
1417 4317 1427 4336 .
1559 4318 1568 4335 .
1700 4320 1709 4337 .
1876 4274 1939 4360 vis.
1962 4275 2057 4362 viijd.

555 4403 646 4469 Item
661 4401 944 4469 Rememoratori
958 4402 1074 4491 Regis
1135 4453 1710 4475 .....
1877 4412 1940 4498 vis.
1962 4412 2058 4499 viijd,

555 4545 647 4611 Item
662 4540 864 4609 Camerario

556 4677 648 4746 Item
662 4696 727 4764 pro
741 4674 1285 4763 nuperinreceptisScaccarij.
1417 4727 1426 4745 .
1558 4729 1567 4745 .
1699 4730 1709 4749 .

557 4819 649 4886 Item
668 4818 740 4887 alio
755 4816 890 4885 Clerico
905 4816 943 4882 in
958 4816 1049 4902 Pipa

557 4956 648 5025 Item
662 4958 825 5044 provino
840 4957 1298 5027 ibidemexconsuetudine
1421 5004 1430 5021 .
1563 5006 1572 5023 .
1703 5004 1713 5024 .

1159 5127 1460 5183 ‘Addedtiitssehten
