4975 6309
724 756 822 846 ube
844 756 984 845 little
1008 756 1106 845 lieo
1131 755 1261 846 Book
1285 757 1335 846 oi
1366 757 1551 850 erutos
1840 772 1885 841 61

378 966 436 1034 vel
458 968 496 1034 in
519 967 591 1035 elio
617 968 696 1036 loco
722 978 800 1037 tuto
823 990 887 1055 per
904 969 1086 1037 dominum
1102 968 1198 1035 curie
1220 972 1286 1036 sub
1309 969 1438 1057 sigillis
1454 971 1595 1038 illorum
1610 971 1891 1059 apprecintorum

376 1113 548 1190 quotquot
560 1105 691 1173 brennt
699 1119 737 1174 et
746 1107 939 1174 liberentur
952 1106 1115 1174 conuictu
1130 1125 1209 1173 cum
1224 1106 1313 1174 illud
1327 1106 1510 1193 petierint,
1533 1109 1635 1176 saluo
1650 1109 1734 1176 inde
1748 1108 1892 1177 domino

376 1244 472 1311 curie
485 1245 757 1314 amerciamento
771 1266 837 1314 suo
850 1256 888 1314 et
901 1245 1015 1314 eciam
1030 1266 1095 1332 pro
1109 1247 1318 1313 racionabili
1338 1246 1502 1314 custodia
1522 1245 1802 1313 attechiamenti.
1846 1245 1895 1311 Et

377 1380 410 1446 si
429 1379 519 1448 forte
540 1402 580 1449 se
600 1381 867 1452 iustificauerint
887 1403 951 1470 per
971 1383 1111 1470 plegios
1134 1393 1172 1450 et
1193 1383 1418 1469 postmodum
1443 1383 1481 1450 in
1505 1382 1621 1450 forma
1644 1383 1810 1468 predicta
1834 1387 1893 1450 vel

378 1519 481 1585 aliter
493 1519 653 1606 legitime
666 1521 906 1603 conuincatur,
926 1530 963 1588 et
983 1533 1110 1608 postea
1130 1521 1296 1588 inuentus
1317 1519 1423 1588 fiterit
1445 1517 1679 1602 insufficiens,
1702 1519 1893 1607 diffugiens

378 1675 440 1722 seu
454 1657 628 1744 elongans
641 1659 737 1724 bona
751 1678 817 1724 sua
830 1667 915 1725 tunc
929 1657 1041 1745 plegii
1060 1657 1116 1724 sui
1136 1659 1385 1743 respondeant,
1407 1664 1444 1724 et
1458 1658 1603 1724 leuetur
1617 1657 1662 1724 de
1676 1656 1730 1724 eis
1744 1656 1781 1724 id
1796 1659 1891 1743 quod

377 1803 620 1878 recuperatum
641 1793 766 1873 furerat,
790 1814 943 1862 unacum
965 1795 1239 1861 amerciamento
1262 1793 1399 1860 domini
1419 1795 1515 1878 quod
1538 1795 1720 1880 adipsum
1738 1795 1901 1882 pertinet,

298 1963 303 1974 ·
377 1947 441 2012 pro
455 1929 554 1997 curia
566 1949 642 1996 sua
686 1927 752 1997 Set
765 1931 797 1997 si
810 1930 1016 1998 huiusmodi
1033 1929 1220 1997 attachiati
1242 1948 1307 2017 per
1328 1931 1426 1997 bona
1446 1939 1483 1998 et
1504 1931 1637 1997 camlla
1652 1949 1717 1997 sua
1731 1951 1805 1998 non
1819 1895 1892 1999 sint

378 2075 559 2149 presentes
580 2066 618 2132 in
638 2067 839 2134 huiusmodi
864 2067 1152 2134 attechiamentis
1178 2064 1283 2134 sactis
1309 2067 1373 2134 sed
1398 2065 1436 2134 in
1459 2067 1604 2134 remotis
1633 2067 1795 2153 partibus
1828 2087 1892 2136 seu

376 2202 466 2270 forte
478 2211 581 2268 extra
593 2222 743 2288 regnum
757 2212 794 2270 et
807 2203 897 2270 forte
911 2204 998 2270 alibi
1013 2203 1065 2270 ita
1079 2205 1175 2290 quod
1188 2203 1241 2271 eis
1258 2204 1359 2271 nullo
1373 2203 1479 2272 modo
1494 2214 1657 2271 constare
1674 2224 1746 2271 non
1760 2205 1891 2291 poterit

378 2341 423 2407 de
436 2341 637 2406 huiusmodi
650 2341 792 2426 placitis
805 2361 928 2409 versus
942 2361 1004 2409 eos
1023 2342 1131 2408 motis
1150 2342 1209 2408 vel
1231 2340 1422 2421 suscitatis,
1439 2350 1475 2406 et
1494 2340 1547 2408 ita
1570 2339 1693 2408 saltim
1714 2341 1890 2409 distantes

378 2479 474 2562 quod
487 2480 679 2545 secumdum
694 2479 962 2548 adiornaciones
976 2479 1014 2545 in
1029 2479 1108 2548 istis
1128 2480 1269 2566 legibus
1290 2478 1440 2548 vsitatas
1461 2477 1584 2546 venire
1606 2497 1669 2544 seu
1691 2487 1889 2546 adornatos

377 2614 491 2682 facere
504 2635 577 2682 non
590 2627 739 2701 possunt
758 2615 797 2682 in
811 2615 863 2682 ita
876 2617 977 2683 breui
994 2615 1081 2703 quin
1101 2616 1205 2701 ipsos
1225 2618 1324 2683 bona
1346 2636 1410 2682 sua
1432 2615 1484 2682 sic
1505 2614 1701 2682 attachiata
1721 2632 1785 2699 per
1805 2631 1889 2680 suas

376 2751 527 2819 defaltas
539 2751 624 2818 licet
637 2754 682 2819 de
697 2752 830 2821 eisdem
844 2753 986 2820 defaltis
1007 2753 1117 2820 nichil
1138 2754 1255 2820 sciant
1278 2753 1430 2838 perdere
1445 2759 1632 2837 oporteant
1647 2759 1837 2836 antequam
1851 2750 1889 2814 in

376 2884 473 2952 curia
487 2885 551 2952 illa
570 2886 691 2952 venire
712 2888 886 2972 poterint;
915 2888 1012 2972 quod
1032 2885 1214 2953 euidenter
1236 2893 1383 2972 apparet
1398 2903 1477 2954 esse
1492 2884 1745 2952 inconueniens
1758 2903 1804 2950 ex
1818 2902 1889 2969 quo

375 3024 425 3090 hii
453 3033 538 3090 sunt
564 3024 733 3091 sumoniti
761 3025 947 3091 attachiati
975 3045 1041 3090 nec
1070 3027 1141 3093 alio
1170 3023 1277 3091 modo
1310 3023 1504 3092 secundum
1543 3023 1662 3109 legem
1700 3029 1792 3088 terre
1828 3020 1887 3087 vel

376 3163 567 3228 secundum
591 3163 708 3248 legem
733 3162 977 3230 mercatoriam
1003 3163 1143 3231 adhoc
1167 3161 1327 3250 legitime
1352 3159 1543 3246 premuniti
1573 3158 1644 3226 nisi
1673 3159 1788 3225 solum
1819 3176 1885 3242 per

376 3298 578 3367 huiusmodi
591 3299 868 3366 attachiamenta
883 3299 929 3364 de
950 3300 1054 3366 bonis
1076 3299 1160 3366 suis.
1204 3297 1265 3366 Ad
1287 3296 1383 3384 quod
1404 3295 1655 3364 conuenienter
1676 3292 1882 3380 responderi

375 3444 495 3522 potest
517 3439 613 3523 quod
642 3437 734 3504 sicut
758 3458 805 3505 ex
832 3449 935 3541 parte
964 3439 1162 3508 communis
1183 3439 1276 3526 legis
1306 3437 1516 3525 supponitur
1544 3436 1638 3524 quod
1663 3436 1754 3504 liber
1777 3435 1886 3502 homo

373 3575 494 3642 venire
505 3575 611 3642 debet
624 3574 670 3641 de
684 3574 787 3640 terris
801 3585 836 3642 et
851 3576 972 3643 liberis
987 3575 1203 3643 tenementis
1216 3573 1294 3642 suis
1311 3573 1349 3642 in
1365 3574 1490 3642 eadem
1506 3581 1618 3640 terras
1632 3580 1669 3638 et
1683 3578 1887 3638 tenemento

373 3731 438 3777 sua
459 3709 656 3791 defendere,
678 3709 710 3776 si
724 3711 805 3796 quis
817 3731 940 3780 versus
954 3732 1035 3779 eum
1049 3712 1174 3779 eadem
1188 3674 1355 3798 pecierat,
1371 3720 1408 3778 et
1422 3729 1468 3776 ea
1483 3707 1721 3776 disrationare
1735 3705 1886 3773 voluerit

373 3833 437 3932 per
450 3867 671 3914 communem
685 3849 802 3934 legem
817 3858 854 3914 et
870 3849 1164 3916 consuetudinem
1185 3847 1300 3934 regni,
1323 3847 1382 3914 Ita
1398 3865 1445 3913 ex
1458 3855 1560 3932 parte
1572 3845 1665 3933 legis
1679 3843 1886 3912 mercatoria

375 3984 530 4070 supponi
553 3985 659 4050 debet
683 3987 778 4072 quod
804 3995 977 4052 mercator
1001 3986 1092 4051 viuit
1116 3994 1153 4052 et
1179 3985 1299 4052 viuere
1321 3984 1426 4050 debet
1448 3983 1493 4048 de
1517 3981 1622 4049 bonis
1643 3978 1834 4048 mobilibus
1848 3987 1885 4046 et

375 4121 604 4187 mercandisis
623 4121 698 4189 suis
719 4130 755 4187 et
776 4123 902 4189 eadem
923 4122 1163 4190 mercandisas
1188 4132 1225 4188 et
1246 4122 1429 4188 bonasus
1451 4115 1618 4203 prosequi
1638 4124 1675 4182 et
1696 4113 1883 4181 defendere

374 4265 524 4338 tenetur,
540 4256 666 4344 siquis
680 4278 802 4324 versus
816 4279 896 4324 eum
911 4279 956 4324 ea
974 4259 1212 4326 disrationare
1232 4257 1383 4324 uoluerit
1404 4255 1597 4324 secundum
1618 4253 1734 4340 legem
1749 4263 1882 4320 merca·

379 4393 516 4460 toriam.
560 4391 626 4460 Set
646 4395 752 4459 modo
773 4405 829 4460 est
850 4394 902 4460 ita
923 4394 1018 4480 quod
1039 4403 1134 4460 terra
1154 4394 1212 4460 vel
1229 4392 1382 4460 liberum
1396 4398 1634 4456 tenementum
1649 4384 1806 4472 perditur
1819 4403 1883 4470 per

377 4531 543 4596 iudicium
562 4531 608 4594 ad
629 4531 746 4616 legem
768 4550 990 4598 communem
1011 4550 1075 4616 per
1099 4529 1270 4598 defaltam
1292 4534 1375 4614 post
1401 4523 1580 4605 defaltum,
1604 4531 1641 4590 et
1666 4525 1703 4589 in
1726 4522 1884 4608 predicto

372 4685 538 4765 processu
552 4676 591 4732 vt
604 4667 799 4750 predictum
813 4675 870 4733 est
883 4668 995 4733 molto
1010 4666 1136 4734 misius
1151 4667 1271 4753 agitur
1280 4665 1376 4731 inter
1388 4671 1599 4730 mercatores
1610 4661 1695 4747 quia
1705 4658 1883 4727 districcio

369 4803 595 4870 continuatur
607 4802 646 4868 in
659 4802 730 4870 ista
743 4803 824 4890 lege
838 4803 1048 4870 mercatoria
1056 4812 1162 4889 prout
1173 4802 1212 4867 in
1222 4799 1402 4868 communi
1417 4800 1499 4884 lege
1513 4795 1682 4884 quamdiu
1696 4794 1876 4864 districcio

369 4941 520 5008 inueniri
548 4949 676 5027 potest,
706 4948 743 5006 et
771 4959 851 5006 cum
880 4939 1058 5006 districcio
1081 4948 1120 5005 vt
1142 4936 1339 5024 predictum
1365 4944 1420 5004 est
1447 4933 1595 5002 vltertus
1619 4931 1776 5000 inueniri
1806 4952 1879 4998 non

368 5080 499 5166 poterit
511 5090 642 5146 extunc
657 5079 772 5145 adhuc
786 5077 933 5144 habebit
945 5077 1035 5147 duas
1055 5077 1170 5144 curias
1185 5080 1232 5143 ad
1246 5095 1336 5163 quas
1354 5074 1460 5141 debet
1478 5069 1684 5140 demandari
1707 5071 1761 5139 ita
1781 5071 1878 5157 quod
