<?xml version="1.0" encoding="UTF-8"?>
<!DOCTYPE html PUBLIC "-//W3C//DTD XHTML 1.0 Transitional//EN"
    "http://www.w3.org/TR/xhtml1/DTD/xhtml1-transitional.dtd">
<html xmlns="http://www.w3.org/1999/xhtml" xml:lang="en" lang="en">
 <head>
  <title>
</title>
<meta http-equiv="Content-Type" content="text/html;charset=utf-8" />
  <meta name='ocr-system' content='tesseract 3.04.00' />
  <meta name='ocr-capabilities' content='ocr_page ocr_carea ocr_par ocr_line ocrx_word'/>
</head>
<body>
  <div class='ocr_page' id='page_1' title='image "./littleredbookbr00coungoog/littleredbookbr00coungoog_0258.png"; bbox 0 0 4975 6309; ppageno 0'>
   <div class='ocr_carea' id='block_1_1' title="bbox 613 707 1775 807">
    <p class='ocr_par' dir='ltr' id='par_1_1' title="bbox 613 707 1775 807">
     <span class='ocr_line' id='line_1_1' title="bbox 613 707 1775 807; baseline -0.006 0"><span class='ocrx_word' id='word_1_1' title='bbox 613 734 681 807; x_wconf 80' lang='grc' dir='ltr'><strong>ι94</strong></span> <span class='ocrx_word' id='word_1_2' title='bbox 945 710 1041 801; x_wconf 58' lang='lat' dir='ltr'><strong>Ebc</strong></span> <span class='ocrx_word' id='word_1_3' title='bbox 1065 710 1206 801; x_wconf 72' lang='lat' dir='ltr'><strong>little</strong></span> <span class='ocrx_word' id='word_1_4' title='bbox 1229 710 1328 802; x_wconf 68' lang='lat' dir='ltr'><strong>neo</strong></span> <span class='ocrx_word' id='word_1_5' title='bbox 1352 711 1481 801; x_wconf 70' lang='lat' dir='ltr'><strong>iiooll</strong></span> <span class='ocrx_word' id='word_1_6' title='bbox 1506 710 1559 801; x_wconf 78' lang='lat' dir='ltr'><strong>oi</strong></span> <span class='ocrx_word' id='word_1_7' title='bbox 1588 707 1775 801; x_wconf 68' lang='lat' dir='ltr'><strong>stratu</strong></span> 
     </span>
    </p>
   </div>
   <div class='ocr_carea' id='block_1_2' title="bbox 392 923 2197 4856">
    <p class='ocr_par' dir='ltr' id='par_1_2' title="bbox 392 923 2197 4856">
     <span class='ocr_line' id='line_1_2' title="bbox 607 923 2120 1015; baseline -0.004 -21"><span class='ocrx_word' id='word_1_8' title='bbox 607 926 845 995; x_wconf 77' lang='lat' dir='ltr'><strong>ordinacionis</strong></span> <span class='ocrx_word' id='word_1_9' title='bbox 885 928 1004 995; x_wconf 86' lang='lat' dir='ltr'><strong>subire</strong></span> <span class='ocrx_word' id='word_1_10' title='bbox 1043 928 1101 995; x_wconf 85' lang='lat' dir='ltr'><strong>vel</strong></span> <span class='ocrx_word' id='word_1_11' title='bbox 1142 927 1302 1015; x_wconf 86' lang='lat' dir='ltr'><strong>accipere</strong></span> <span class='ocrx_word' id='word_1_12' title='bbox 1340 926 1530 1009; x_wconf 82' lang='lat' dir='ltr'><strong>noluerint,</strong></span> <span class='ocrx_word' id='word_1_13' title='bbox 1570 934 1822 995; x_wconf 83' lang='lat' dir='ltr'><strong>conuertantur</strong></span> <span class='ocrx_word' id='word_1_14' title='bbox 1857 923 1897 991; x_wconf 91' lang='lat' dir='ltr'><strong>in</strong></span> <span class='ocrx_word' id='word_1_15' title='bbox 1935 942 2039 989; x_wconf 85' lang='lat' dir='ltr'><strong>vsum</strong></span> <span class='ocrx_word' id='word_1_16' title='bbox 2081 932 2120 989; x_wconf 90' lang='lat' dir='ltr'><strong>et</strong></span> 
     </span>
     <span class='ocr_line' id='line_1_3' title="bbox 606 1062 2120 1153; baseline -0.001 -22"><span class='ocrx_word' id='word_1_17' title='bbox 606 1062 801 1152; x_wconf 81' lang='lat' dir='ltr'><strong>proficuum</strong></span> <span class='ocrx_word' id='word_1_18' title='bbox 828 1064 1067 1151; x_wconf 85' lang='lat' dir='ltr'><strong>predictorum</strong></span> <span class='ocrx_word' id='word_1_19' title='bbox 1097 1064 1371 1153; x_wconf 70' lang='lat' dir='ltr'>capellanorum</span> <span class='ocrx_word' id='word_1_20' title='bbox 1398 1075 1437 1134; x_wconf 88' lang='lat' dir='ltr'><strong>et</strong></span> <span class='ocrx_word' id='word_1_21' title='bbox 1465 1084 1587 1133; x_wconf 88' lang='lat' dir='ltr'><strong>eorum</strong></span> <span class='ocrx_word' id='word_1_22' title='bbox 1620 1082 1861 1131; x_wconf 87' lang='lat' dir='ltr'><strong>successorum</strong></span> <span class='ocrx_word' id='word_1_23' title='bbox 1895 1081 1962 1149; x_wconf 85' lang='lat' dir='ltr'><strong>pro</strong></span> <span class='ocrx_word' id='word_1_24' title='bbox 1997 1062 2120 1129; x_wconf 87' lang='lat' dir='ltr'><strong>labore</strong></span> 
     </span>
     <span class='ocr_line' id='line_1_4' title="bbox 607 1198 2120 1291; baseline -0.003 -23"><span class='ocrx_word' id='word_1_25' title='bbox 607 1220 728 1269; x_wconf 88' lang='lat' dir='ltr'><strong>eorum</strong></span> <span class='ocrx_word' id='word_1_26' title='bbox 757 1202 1025 1289; x_wconf 88' lang='lat' dir='ltr'><strong>imperpetuum,</strong></span> <span class='ocrx_word' id='word_1_27' title='bbox 1051 1202 1110 1271; x_wconf 86' lang='lat' dir='ltr'><strong>Ita</strong></span> <span class='ocrx_word' id='word_1_28' title='bbox 1130 1212 1253 1271; x_wconf 86' lang='lat' dir='ltr'><strong>tamen</strong></span> <span class='ocrx_word' id='word_1_29' title='bbox 1273 1204 1370 1290; x_wconf 87' lang='lat' dir='ltr'><strong>quod</strong></span> <span class='ocrx_word' id='word_1_30' title='bbox 1392 1222 1501 1291; x_wconf 83' lang='lat' dir='ltr'><strong>quam</strong></span> <span class='ocrx_word' id='word_1_31' title='bbox 1523 1202 1596 1271; x_wconf 88' lang='lat' dir='ltr'><strong>cito</strong></span> <span class='ocrx_word' id='word_1_32' title='bbox 1617 1201 1704 1269; x_wconf 86' lang='lat' dir='ltr'><strong>dicti</strong></span> <span class='ocrx_word' id='word_1_33' title='bbox 1717 1200 1874 1267; x_wconf 69' lang='lat' dir='ltr'><strong>mamm</strong></span> <span class='ocrx_word' id='word_1_34' title='bbox 1886 1208 1925 1267; x_wconf 89' lang='lat' dir='ltr'><strong>et</strong></span> <span class='ocrx_word' id='word_1_35' title='bbox 1936 1198 2120 1284; x_wconf 83' lang='lat' dir='ltr'><strong>Johannes</strong></span> 
     </span>
     <span class='ocr_line' id='line_1_5' title="bbox 609 1336 2120 1428; baseline 0 -23"><span class='ocrx_word' id='word_1_36' title='bbox 609 1338 795 1423; x_wconf 84' lang='lat' dir='ltr'><strong>capellani,</strong></span> <span class='ocrx_word' id='word_1_37' title='bbox 831 1340 889 1406; x_wconf 88' lang='lat' dir='ltr'><strong>vel</strong></span> <span class='ocrx_word' id='word_1_38' title='bbox 926 1358 1048 1407; x_wconf 88' lang='lat' dir='ltr'><strong>eorum</strong></span> <span class='ocrx_word' id='word_1_39' title='bbox 1081 1358 1303 1409; x_wconf 85' lang='lat' dir='ltr'><strong>successores</strong></span> <span class='ocrx_word' id='word_1_40' title='bbox 1338 1341 1516 1428; x_wconf 84' lang='lat' dir='ltr'><strong>capellani</strong></span> <span class='ocrx_word' id='word_1_41' title='bbox 1550 1340 1705 1409; x_wconf 87' lang='lat' dir='ltr'><strong>obierint</strong></span> <span class='ocrx_word' id='word_1_42' title='bbox 1739 1340 1799 1406; x_wconf 85' lang='lat' dir='ltr'><strong>vel</strong></span> <span class='ocrx_word' id='word_1_43' title='bbox 1833 1356 1955 1405; x_wconf 90' lang='lat' dir='ltr'><strong>eorum</strong></span> <span class='ocrx_word' id='word_1_44' title='bbox 1989 1336 2120 1423; x_wconf 88' lang='lat' dir='ltr'><strong>aliquis</strong></span> 
     </span>
     <span class='ocr_line' id='line_1_6' title="bbox 609 1472 2119 1565; baseline 0.001 -27"><span class='ocrx_word' id='word_1_45' title='bbox 609 1472 747 1555; x_wconf 89' lang='lat' dir='ltr'><strong>obierit,</strong></span> <span class='ocrx_word' id='word_1_46' title='bbox 768 1474 864 1559; x_wconf 88' lang='lat' dir='ltr'><strong>quod</strong></span> <span class='ocrx_word' id='word_1_47' title='bbox 885 1484 970 1543; x_wconf 89' lang='lat' dir='ltr'><strong>tuno</strong></span> <span class='ocrx_word' id='word_1_48' title='bbox 990 1474 1108 1564; x_wconf 73' lang='lat' dir='ltr'><strong>Major</strong></span> <span class='ocrx_word' id='word_1_49' title='bbox 1128 1476 1213 1544; x_wconf 89' lang='lat' dir='ltr'><strong>ville</strong></span> <span class='ocrx_word' id='word_1_50' title='bbox 1233 1476 1416 1545; x_wconf 88' lang='lat' dir='ltr'><strong>Bristollie</strong></span> <span class='ocrx_word' id='word_1_51' title='bbox 1437 1478 1500 1565; x_wconf 87' lang='lat' dir='ltr'><strong>qui</strong></span> <span class='ocrx_word' id='word_1_52' title='bbox 1519 1498 1585 1565; x_wconf 86' lang='lat' dir='ltr'><strong>pro</strong></span> <span class='ocrx_word' id='word_1_53' title='bbox 1599 1488 1759 1564; x_wconf 88' lang='lat' dir='ltr'><strong>tempore</strong></span> <span class='ocrx_word' id='word_1_54' title='bbox 1771 1476 1877 1543; x_wconf 84' lang='lat' dir='ltr'><strong>fuerit</strong></span> <span class='ocrx_word' id='word_1_55' title='bbox 1889 1476 1937 1541; x_wconf 86' lang='lat' dir='ltr'><strong>ad</strong></span> <span class='ocrx_word' id='word_1_56' title='bbox 1958 1474 2119 1541; x_wconf 90' lang='lat' dir='ltr'><strong>denomi-</strong></span> 
     </span>
     <span class='ocr_line' id='line_1_7' title="bbox 610 1610 2118 1701; baseline 0.001 -26"><span class='ocrx_word' id='word_1_57' title='bbox 610 1610 796 1677; x_wconf 87' lang='lat' dir='ltr'><strong>nacionem</strong></span> <span class='ocrx_word' id='word_1_58' title='bbox 825 1611 947 1679; x_wconf 87' lang='lat' dir='ltr'><strong>vicarii</strong></span> <span class='ocrx_word' id='word_1_59' title='bbox 976 1612 1022 1679; x_wconf 91' lang='lat' dir='ltr'><strong>de</strong></span> <span class='ocrx_word' id='word_1_60' title='bbox 1050 1612 1257 1701; x_wconf 80' lang='lat' dir='ltr'><strong>Redeclyue</strong></span> <span class='ocrx_word' id='word_1_61' title='bbox 1284 1622 1322 1679; x_wconf 87' lang='lat' dir='ltr'><strong>et</strong></span> <span class='ocrx_word' id='word_1_62' title='bbox 1349 1624 1617 1700; x_wconf 86' lang='lat' dir='ltr'><strong>procuratorum</strong></span> <span class='ocrx_word' id='word_1_63' title='bbox 1653 1613 1748 1681; x_wconf 86' lang='lat' dir='ltr'><strong>dicto</strong></span> <span class='ocrx_word' id='word_1_64' title='bbox 1778 1610 1926 1679; x_wconf 74' lang='lat' dir='ltr'><strong>eudesie</strong></span> <span class='ocrx_word' id='word_1_65' title='bbox 1957 1610 2020 1697; x_wconf 89' lang='lat' dir='ltr'><strong>qui</strong></span> <span class='ocrx_word' id='word_1_66' title='bbox 2051 1628 2118 1695; x_wconf 90' lang='lat' dir='ltr'><strong>pro</strong></span> 
     </span>
     <span class='ocr_line' id='line_1_8' title="bbox 609 1745 2118 1839; baseline 0 -26"><span class='ocrx_word' id='word_1_67' title='bbox 609 1756 768 1834; x_wconf 89' lang='lat' dir='ltr'><strong>tempore</strong></span> <span class='ocrx_word' id='word_1_68' title='bbox 780 1745 910 1815; x_wconf 87' lang='lat' dir='ltr'><strong>fuerint</strong></span> <span class='ocrx_word' id='word_1_69' title='bbox 924 1748 1033 1817; x_wconf 87' lang='lat' dir='ltr'><strong>alium</strong></span> <span class='ocrx_word' id='word_1_70' title='bbox 1047 1750 1271 1837; x_wconf 77' lang='lat' dir='ltr'><strong>capellanum</strong></span> <span class='ocrx_word' id='word_1_71' title='bbox 1283 1751 1462 1839; x_wconf 83' lang='lat' dir='ltr'><strong>ydoneum</strong></span> <span class='ocrx_word' id='word_1_72' title='bbox 1476 1754 1516 1819; x_wconf 86' lang='lat' dir='ltr'><strong>in</strong></span> <span class='ocrx_word' id='word_1_73' title='bbox 1537 1753 1617 1819; x_wconf 92' lang='lat' dir='ltr'><strong>loco</strong></span> <span class='ocrx_word' id='word_1_74' title='bbox 1638 1750 1816 1838; x_wconf 84' lang='lat' dir='ltr'><strong>capellani</strong></span> <span class='ocrx_word' id='word_1_75' title='bbox 1836 1748 1992 1817; x_wconf 75' lang='lat' dir='ltr'><strong>defuncti</strong></span> <span class='ocrx_word' id='word_1_76' title='bbox 2004 1756 2118 1835; x_wconf 84' lang='lat' dir='ltr'><strong>ponat</strong></span> 
     </span>
     <span class='ocr_line' id='line_1_9' title="bbox 609 1882 2118 1978; baseline 0.001 -29"><span class='ocrx_word' id='word_1_77' title='bbox 609 1893 646 1950; x_wconf 91' lang='lat' dir='ltr'><strong>et</strong></span> <span class='ocrx_word' id='word_1_78' title='bbox 667 1885 833 1953; x_wconf 89' lang='lat' dir='ltr'><strong>admittat</strong></span> <span class='ocrx_word' id='word_1_79' title='bbox 854 1886 892 1953; x_wconf 88' lang='lat' dir='ltr'><strong>in</strong></span> <span class='ocrx_word' id='word_1_80' title='bbox 907 1885 1112 1955; x_wconf 86' lang='lat' dir='ltr'><strong>Cantariam</strong></span> <span class='ocrx_word' id='word_1_81' title='bbox 1126 1888 1322 1974; x_wconf 85' lang='lat' dir='ltr'><strong>prodictam</strong></span> <span class='ocrx_word' id='word_1_82' title='bbox 1336 1888 1429 1955; x_wconf 81' lang='lat' dir='ltr'><strong>infra</strong></span> <span class='ocrx_word' id='word_1_83' title='bbox 1441 1888 1709 1978; x_wconf 85' lang='lat' dir='ltr'><strong>quatuordecim</strong></span> <span class='ocrx_word' id='word_1_84' title='bbox 1723 1888 1812 1954; x_wconf 90' lang='lat' dir='ltr'><strong>dies.</strong></span> <span class='ocrx_word' id='word_1_85' title='bbox 1855 1884 1905 1953; x_wconf 84' lang='lat' dir='ltr'><strong>Et</strong></span> <span class='ocrx_word' id='word_1_86' title='bbox 1918 1882 1951 1952; x_wconf 89' lang='lat' dir='ltr'><strong>si</strong></span> <span class='ocrx_word' id='word_1_87' title='bbox 1964 1882 2118 1951; x_wconf 86' lang='lat' dir='ltr'><strong>vicarius</strong></span> 
     </span>
     <span class='ocr_line' id='line_1_10' title="bbox 609 2022 2119 2112; baseline 0.001 -26"><span class='ocrx_word' id='word_1_88' title='bbox 609 2028 645 2086; x_wconf 86' lang='lat' dir='ltr'><strong>et</strong></span> <span class='ocrx_word' id='word_1_89' title='bbox 673 2031 917 2107; x_wconf 85' lang='lat' dir='ltr'><strong>procuratores</strong></span> <span class='ocrx_word' id='word_1_90' title='bbox 942 2022 1037 2091; x_wconf 83' lang='lat' dir='ltr'><strong>dicte</strong></span> <span class='ocrx_word' id='word_1_91' title='bbox 1064 2024 1212 2093; x_wconf 87' lang='lat' dir='ltr'><strong>ecclesie</strong></span> <span class='ocrx_word' id='word_1_92' title='bbox 1248 2024 1288 2091; x_wconf 88' lang='lat' dir='ltr'><strong>in</strong></span> <span class='ocrx_word' id='word_1_93' title='bbox 1315 2025 1607 2093; x_wconf 87' lang='lat' dir='ltr'><strong>denominacione</strong></span> <span class='ocrx_word' id='word_1_94' title='bbox 1643 2023 1820 2112; x_wconf 83' lang='lat' dir='ltr'><strong>capellani</strong></span> <span class='ocrx_word' id='word_1_95' title='bbox 1851 2041 1917 2109; x_wconf 84' lang='lat' dir='ltr'><strong>per</strong></span> <span class='ocrx_word' id='word_1_96' title='bbox 1950 2030 2119 2108; x_wconf 85' lang='lat' dir='ltr'><strong>quatuor·</strong></span> 
     </span>
     <span class='ocr_line' id='line_1_11' title="bbox 608 2154 2119 2251; baseline 0.003 -30"><span class='ocrx_word' id='word_1_97' title='bbox 608 2154 723 2223; x_wconf 85' lang='lat' dir='ltr'><strong>decim</strong></span> <span class='ocrx_word' id='word_1_98' title='bbox 762 2156 839 2225; x_wconf 87' lang='lat' dir='ltr'><strong>dies</strong></span> <span class='ocrx_word' id='word_1_99' title='bbox 878 2158 1105 2249; x_wconf 77' lang='lat' dir='ltr'><strong>negligentes</strong></span> <span class='ocrx_word' id='word_1_100' title='bbox 1143 2160 1274 2229; x_wconf 73' lang='lat' dir='ltr'><strong>menni</strong></span> <span class='ocrx_word' id='word_1_101' title='bbox 1310 2169 1348 2227; x_wconf 89' lang='lat' dir='ltr'><strong>et</strong></span> <span class='ocrx_word' id='word_1_102' title='bbox 1384 2162 1523 2229; x_wconf 89' lang='lat' dir='ltr'><strong>nullum</strong></span> <span class='ocrx_word' id='word_1_103' title='bbox 1566 2160 1790 2251; x_wconf 71' lang='lat' dir='ltr'><strong>capellanum</strong></span> <span class='ocrx_word' id='word_1_104' title='bbox 1825 2160 2004 2245; x_wconf 85' lang='lat' dir='ltr'><strong>ydoneum</strong></span> <span class='ocrx_word' id='word_1_105' title='bbox 2039 2158 2119 2225; x_wconf 88' lang='lat' dir='ltr'><strong>loco</strong></span> 
     </span>
     <span class='ocr_line' id='line_1_12' title="bbox 608 2290 2118 2381; baseline 0.001 -23"><span class='ocrx_word' id='word_1_106' title='bbox 608 2290 763 2360; x_wconf 82' lang='lat' dir='ltr'><strong>defuncti</strong></span> <span class='ocrx_word' id='word_1_107' title='bbox 791 2294 921 2381; x_wconf 77' lang='lat' dir='ltr'><strong>Major!</strong></span> <span class='ocrx_word' id='word_1_108' title='bbox 953 2316 1026 2365; x_wconf 91' lang='lat' dir='ltr'><strong>non</strong></span> <span class='ocrx_word' id='word_1_109' title='bbox 1062 2298 1324 2368; x_wconf 86' lang='lat' dir='ltr'><strong>nominauerint</strong></span> <span class='ocrx_word' id='word_1_110' title='bbox 1362 2308 1449 2367; x_wconf 89' lang='lat' dir='ltr'><strong>tunc</strong></span> <span class='ocrx_word' id='word_1_111' title='bbox 1486 2299 1649 2366; x_wconf 87' lang='lat' dir='ltr'><strong>volumus</strong></span> <span class='ocrx_word' id='word_1_112' title='bbox 1686 2306 1724 2364; x_wconf 87' lang='lat' dir='ltr'><strong>et</strong></span> <span class='ocrx_word' id='word_1_113' title='bbox 1760 2294 1986 2364; x_wconf 75' lang='lat' dir='ltr'><strong>concedimus</strong></span> <span class='ocrx_word' id='word_1_114' title='bbox 2022 2294 2118 2379; x_wconf 91' lang='lat' dir='ltr'><strong>quod</strong></span> 
     </span>
     <span class='ocr_line' id='line_1_13' title="bbox 607 2430 2116 2526; baseline -0.001 -27"><span class='ocrx_word' id='word_1_115' title='bbox 607 2432 726 2517; x_wconf 79' lang='lat' dir='ltr'><strong>Maior</strong></span> <span class='ocrx_word' id='word_1_116' title='bbox 753 2434 815 2519; x_wconf 90' lang='lat' dir='ltr'><strong>qui</strong></span> <span class='ocrx_word' id='word_1_117' title='bbox 842 2453 908 2521; x_wconf 88' lang='lat' dir='ltr'><strong>pro</strong></span> <span class='ocrx_word' id='word_1_118' title='bbox 936 2444 1095 2523; x_wconf 89' lang='lat' dir='ltr'><strong>tempore</strong></span> <span class='ocrx_word' id='word_1_119' title='bbox 1122 2434 1228 2504; x_wconf 83' lang='lat' dir='ltr'><strong>fuerit</strong></span> <span class='ocrx_word' id='word_1_120' title='bbox 1255 2438 1446 2507; x_wconf 82' lang='lat' dir='ltr'><strong>autoritate</strong></span> <span class='ocrx_word' id='word_1_121' title='bbox 1473 2436 1618 2526; x_wconf 88' lang='lat' dir='ltr'><strong>propria</strong></span> <span class='ocrx_word' id='word_1_122' title='bbox 1647 2435 1719 2503; x_wconf 83' lang='lat' dir='ltr'><strong>alio</strong></span> <span class='ocrx_word' id='word_1_123' title='bbox 1755 2434 1942 2519; x_wconf 80' lang='lat' dir='ltr'><strong>capellano</strong></span> <span class='ocrx_word' id='word_1_124' title='bbox 1976 2430 2116 2518; x_wconf 83' lang='lat' dir='ltr'><strong>ydoneo</strong></span> 
     </span>
     <span class='ocr_line' id='line_1_14' title="bbox 605 2566 2117 2657; baseline -0.003 -20"><span class='ocrx_word' id='word_1_125' title='bbox 605 2570 711 2657; x_wconf 86' lang='lat' dir='ltr'><strong>juxta</strong></span> <span class='ocrx_word' id='word_1_126' title='bbox 759 2570 1030 2641; x_wconf 84' lang='lat' dir='ltr'><strong>discrescionem</strong></span> <span class='ocrx_word' id='word_1_127' title='bbox 1077 2594 1179 2642; x_wconf 88' lang='lat' dir='ltr'><strong>susm</strong></span> <span class='ocrx_word' id='word_1_128' title='bbox 1225 2578 1359 2647; x_wconf 89' lang='lat' dir='ltr'><strong>dictam</strong></span> <span class='ocrx_word' id='word_1_129' title='bbox 1408 2575 1613 2646; x_wconf 83' lang='lat' dir='ltr'><strong>cantariam</strong></span> <span class='ocrx_word' id='word_1_130' title='bbox 1663 2570 1821 2641; x_wconf 81' lang='lat' dir='ltr'><strong>conferat</strong></span> <span class='ocrx_word' id='word_1_131' title='bbox 1873 2577 1911 2637; x_wconf 89' lang='lat' dir='ltr'><strong>et</strong></span> <span class='ocrx_word' id='word_1_132' title='bbox 1952 2586 2036 2635; x_wconf 81' lang='lat' dir='ltr'><strong>eum</strong></span> <span class='ocrx_word' id='word_1_133' title='bbox 2078 2566 2117 2633; x_wconf 89' lang='lat' dir='ltr'><strong>in</strong></span> 
     </span>
     <span class='ocr_line' id='line_1_15' title="bbox 415 2704 2118 2799; baseline -0.008 -16"><span class='ocrx_word' id='word_1_134' title='bbox 415 2731 501 2783; x_wconf 66' lang='lat' dir='ltr'><strong>Nori</strong></span> <span class='ocrx_word' id='word_1_135' title='bbox 514 2739 554 2781; x_wconf 80' lang='lat' dir='ltr'><strong>on</strong></span> <span class='ocrx_word' id='word_1_136' title='bbox 610 2708 828 2792; x_wconf 84' lang='lat' dir='ltr'><strong>corporalem</strong></span> <span class='ocrx_word' id='word_1_137' title='bbox 885 2711 1145 2796; x_wconf 88' lang='lat' dir='ltr'><strong>possessionem</strong></span> <span class='ocrx_word' id='word_1_138' title='bbox 1203 2723 1315 2799; x_wconf 83' lang='lat' dir='ltr'><strong>ponat</strong></span> <span class='ocrx_word' id='word_1_139' title='bbox 1371 2724 1409 2781; x_wconf 89' lang='lat' dir='ltr'><strong>et</strong></span> <span class='ocrx_word' id='word_1_140' title='bbox 1459 2712 1616 2778; x_wconf 80' lang='lat' dir='ltr'><strong>inducat</strong></span> <span class='ocrx_word' id='word_1_141' title='bbox 1682 2708 1967 2792; x_wconf 68' lang='lat' dir='ltr'><strong>Prmtabuntque</strong></span> <span class='ocrx_word' id='word_1_142' title='bbox 2022 2704 2118 2771; x_wconf 91' lang='lat' dir='ltr'><strong>idem</strong></span> 
     </span>
     <span class='ocr_line' id='line_1_16' title="bbox 392 2804 2119 2977; baseline 0.002 -69"><span class='ocrx_word' id='word_1_143' title='bbox 392 2804 569 2977; x_wconf 47' lang='grc' dir='ltr'>Ψ</span> <span class='ocrx_word' id='word_1_144' title='bbox 610 2841 767 2911; x_wconf 82' lang='lat' dir='ltr'><strong>Th0mas</strong></span> <span class='ocrx_word' id='word_1_145' title='bbox 825 2856 861 2911; x_wconf 89' lang='lat' dir='ltr'><strong>et</strong></span> <span class='ocrx_word' id='word_1_146' title='bbox 916 2846 1110 2931; x_wconf 74' lang='lat' dir='ltr'><strong>johannes,</strong></span> <span class='ocrx_word' id='word_1_147' title='bbox 1169 2850 1356 2937; x_wconf 81' lang='lat' dir='ltr'><strong>capellani,</strong></span> <span class='ocrx_word' id='word_1_148' title='bbox 1415 2868 1608 2934; x_wconf 87' lang='lat' dir='ltr'><strong>eorumque</strong></span> <span class='ocrx_word' id='word_1_149' title='bbox 1665 2863 1885 2914; x_wconf 60' lang='lat' dir='ltr'><strong>summotos</strong></span> <span class='ocrx_word' id='word_1_150' title='bbox 1942 2841 2119 2929; x_wconf 79' lang='lat' dir='ltr'><strong>capellani</strong></span> 
     </span>
     <span class='ocr_line' id='line_1_17' title="bbox 610 2976 2119 3072; baseline -0.001 -25"><span class='ocrx_word' id='word_1_151' title='bbox 610 2979 867 3067; x_wconf 84' lang='lat' dir='ltr'><strong>imperpetuum</strong></span> <span class='ocrx_word' id='word_1_152' title='bbox 924 2982 963 3050; x_wconf 89' lang='lat' dir='ltr'><strong>in</strong></span> <span class='ocrx_word' id='word_1_153' title='bbox 1020 2984 1136 3072; x_wconf 86' lang='lat' dir='ltr'><strong>prima</strong></span> <span class='ocrx_word' id='word_1_154' title='bbox 1193 2986 1398 3070; x_wconf 86' lang='lat' dir='ltr'><strong>collacione,</strong></span> <span class='ocrx_word' id='word_1_155' title='bbox 1457 3006 1500 3055; x_wconf 88' lang='lat' dir='ltr'><strong>ac</strong></span> <span class='ocrx_word' id='word_1_156' title='bbox 1557 2985 1672 3053; x_wconf 87' lang='lat' dir='ltr'><strong>eciam</strong></span> <span class='ocrx_word' id='word_1_157' title='bbox 1726 2981 1825 3050; x_wconf 87' lang='lat' dir='ltr'><strong>omni</strong></span> <span class='ocrx_word' id='word_1_158' title='bbox 1878 3000 1974 3048; x_wconf 89' lang='lat' dir='ltr'><strong>anno</strong></span> <span class='ocrx_word' id='word_1_159' title='bbox 2027 2976 2119 3045; x_wconf 87' lang='lat' dir='ltr'><strong>inira</strong></span> 
     </span>
     <span class='ocr_line' id='line_1_18' title="bbox 609 3114 2117 3209; baseline -0.001 -26"><span class='ocrx_word' id='word_1_160' title='bbox 609 3117 703 3183; x_wconf 56' lang='grc' dir='ltr'><strong>ιιν611Ιὶ</strong></span> <span class='ocrx_word' id='word_1_161' title='bbox 762 3117 839 3185; x_wconf 89' lang='lat' dir='ltr'><strong>dies</strong></span> <span class='ocrx_word' id='word_1_162' title='bbox 904 3119 1108 3189; x_wconf 88' lang='lat' dir='ltr'><strong>immediate</strong></span> <span class='ocrx_word' id='word_1_163' title='bbox 1165 3130 1354 3209; x_wconf 75' lang='lat' dir='ltr'><strong>sequemes</strong></span> <span class='ocrx_word' id='word_1_164' title='bbox 1410 3132 1493 3209; x_wconf 90' lang='lat' dir='ltr'><strong>post</strong></span> <span class='ocrx_word' id='word_1_165' title='bbox 1552 3120 1682 3189; x_wconf 84' lang='lat' dir='ltr'><strong>festum</strong></span> <span class='ocrx_word' id='word_1_166' title='bbox 1739 3117 1856 3185; x_wconf 90' lang='lat' dir='ltr'><strong>sancti</strong></span> <span class='ocrx_word' id='word_1_167' title='bbox 1919 3114 2117 3193; x_wconf 80' lang='lat' dir='ltr'><strong>Michaelis,</strong></span> 
     </span>
     <span class='ocr_line' id='line_1_19' title="bbox 605 3250 2118 3347; baseline -0.001 -28"><span class='ocrx_word' id='word_1_168' title='bbox 605 3254 844 3340; x_wconf 84' lang='lat' dir='ltr'><strong>juramentum</strong></span> <span class='ocrx_word' id='word_1_169' title='bbox 872 3258 1054 3343; x_wconf 85' lang='lat' dir='ltr'><strong>corporale</strong></span> <span class='ocrx_word' id='word_1_170' title='bbox 1083 3258 1312 3347; x_wconf 74' lang='lat' dir='ltr'><strong>solempniter</strong></span> <span class='ocrx_word' id='word_1_171' title='bbox 1339 3279 1458 3327; x_wconf 88' lang='lat' dir='ltr'><strong>coram</strong></span> <span class='ocrx_word' id='word_1_172' title='bbox 1487 3258 1625 3347; x_wconf 87' lang='lat' dir='ltr'><strong>Majore</strong></span> <span class='ocrx_word' id='word_1_173' title='bbox 1653 3258 1749 3327; x_wconf 84' lang='lat' dir='ltr'><strong>dicte</strong></span> <span class='ocrx_word' id='word_1_174' title='bbox 1775 3256 1860 3325; x_wconf 82' lang='lat' dir='ltr'><strong>ville</strong></span> <span class='ocrx_word' id='word_1_175' title='bbox 1895 3252 1934 3320; x_wconf 91' lang='lat' dir='ltr'><strong>in</strong></span> <span class='ocrx_word' id='word_1_176' title='bbox 1962 3250 2118 3319; x_wconf 80' lang='lat' dir='ltr'><strong>Gihalda</strong></span> 
     </span>
     <span class='ocr_line' id='line_1_20' title="bbox 608 3388 2118 3484; baseline -0.006 -20"><span class='ocrx_word' id='word_1_177' title='bbox 608 3390 669 3476; x_wconf 84' lang='lat' dir='ltr'><strong>qui</strong></span> <span class='ocrx_word' id='word_1_178' title='bbox 698 3411 762 3476; x_wconf 86' lang='lat' dir='ltr'><strong>pro</strong></span> <span class='ocrx_word' id='word_1_179' title='bbox 791 3402 949 3481; x_wconf 89' lang='lat' dir='ltr'><strong>tempore</strong></span> <span class='ocrx_word' id='word_1_180' title='bbox 976 3395 1080 3464; x_wconf 74' lang='lat' dir='ltr'><strong>merit</strong></span> <span class='ocrx_word' id='word_1_181' title='bbox 1107 3398 1204 3484; x_wconf 89' lang='lat' dir='ltr'><strong>quod</strong></span> <span class='ocrx_word' id='word_1_182' title='bbox 1232 3398 1479 3466; x_wconf 88' lang='lat' dir='ltr'><strong>ordinaciones</strong></span> <span class='ocrx_word' id='word_1_183' title='bbox 1513 3406 1551 3463; x_wconf 86' lang='lat' dir='ltr'><strong>et</strong></span> <span class='ocrx_word' id='word_1_184' title='bbox 1586 3414 1697 3463; x_wconf 82' lang='lat' dir='ltr'><strong>onera</strong></span> <span class='ocrx_word' id='word_1_185' title='bbox 1732 3413 1797 3460; x_wconf 86' lang='lat' dir='ltr'><strong>sua</strong></span> <span class='ocrx_word' id='word_1_186' title='bbox 1831 3389 1991 3477; x_wconf 87' lang='lat' dir='ltr'><strong>predicta</strong></span> <span class='ocrx_word' id='word_1_187' title='bbox 2025 3388 2118 3455; x_wconf 86' lang='lat' dir='ltr'><strong>bene</strong></span> 
     </span>
     <span class='ocr_line' id='line_1_21' title="bbox 608 3526 2120 3615; baseline 0 -23"><span class='ocrx_word' id='word_1_188' title='bbox 608 3536 645 3592; x_wconf 87' lang='lat' dir='ltr'><strong>et</strong></span> <span class='ocrx_word' id='word_1_189' title='bbox 672 3526 823 3595; x_wconf 86' lang='lat' dir='ltr'><strong>fideliter</strong></span> <span class='ocrx_word' id='word_1_190' title='bbox 851 3528 891 3597; x_wconf 91' lang='lat' dir='ltr'><strong>in</strong></span> <span class='ocrx_word' id='word_1_191' title='bbox 918 3532 1083 3601; x_wconf 89' lang='lat' dir='ltr'><strong>omnibus</strong></span> <span class='ocrx_word' id='word_1_192' title='bbox 1104 3536 1355 3615; x_wconf 86' lang='lat' dir='ltr'><strong>obseruabunt,</strong></span> <span class='ocrx_word' id='word_1_193' title='bbox 1376 3544 1414 3601; x_wconf 86' lang='lat' dir='ltr'><strong>et</strong></span> <span class='ocrx_word' id='word_1_194' title='bbox 1433 3554 1543 3601; x_wconf 88' lang='lat' dir='ltr'><strong>vnum</strong></span> <span class='ocrx_word' id='word_1_195' title='bbox 1565 3534 1695 3600; x_wconf 88' lang='lat' dir='ltr'><strong>librum</strong></span> <span class='ocrx_word' id='word_1_196' title='bbox 1717 3539 1884 3599; x_wconf 83' lang='lat' dir='ltr'><strong>vocatum</strong></span> <span class='ocrx_word' id='word_1_197' title='bbox 1905 3526 2120 3595; x_wconf 83' lang='lat' dir='ltr'><strong>Masseboke</strong></span> 
     </span>
     <span class='ocr_line' id='line_1_22' title="bbox 608 3661 2121 3752; baseline 0.001 -21"><span class='ocrx_word' id='word_1_198' title='bbox 608 3665 717 3749; x_wconf 90' lang='lat' dir='ltr'><strong>precii</strong></span> <span class='ocrx_word' id='word_1_199' title='bbox 753 3676 894 3735; x_wconf 87' lang='lat' dir='ltr'><strong>centum</strong></span> <span class='ocrx_word' id='word_1_200' title='bbox 929 3668 1132 3752; x_wconf 83' lang='lat' dir='ltr'><strong>solidorum,</strong></span> <span class='ocrx_word' id='word_1_201' title='bbox 1171 3691 1214 3739; x_wconf 84' lang='lat' dir='ltr'><strong>ac</strong></span> <span class='ocrx_word' id='word_1_202' title='bbox 1251 3671 1361 3739; x_wconf 86' lang='lat' dir='ltr'><strong>alium</strong></span> <span class='ocrx_word' id='word_1_203' title='bbox 1409 3672 1540 3738; x_wconf 88' lang='lat' dir='ltr'><strong>librum</strong></span> <span class='ocrx_word' id='word_1_204' title='bbox 1583 3678 1749 3737; x_wconf 84' lang='lat' dir='ltr'><strong>vocamm</strong></span> <span class='ocrx_word' id='word_1_205' title='bbox 1789 3663 1975 3734; x_wconf 87' lang='lat' dir='ltr'><strong>Porthoos¹</strong></span> <span class='ocrx_word' id='word_1_206' title='bbox 2011 3661 2121 3749; x_wconf 76' lang='lat' dir='ltr'><strong>precii</strong></span> 
     </span>
     <span class='ocr_line' id='line_1_23' title="bbox 609 3801 2123 3893; baseline 0 -28"><span class='ocrx_word' id='word_1_207' title='bbox 609 3809 749 3868; x_wconf 88' lang='lat' dir='ltr'><strong>centum</strong></span> <span class='ocrx_word' id='word_1_208' title='bbox 793 3801 997 3885; x_wconf 86' lang='lat' dir='ltr'><strong>solidorum,</strong></span> <span class='ocrx_word' id='word_1_209' title='bbox 1038 3826 1147 3875; x_wconf 87' lang='lat' dir='ltr'><strong>vnum</strong></span> <span class='ocrx_word' id='word_1_210' title='bbox 1184 3826 1252 3893; x_wconf 86' lang='lat' dir='ltr'><strong>par</strong></span> <span class='ocrx_word' id='word_1_211' title='bbox 1287 3808 1579 3876; x_wconf 85' lang='lat' dir='ltr'><strong>vestimentorum</strong></span> <span class='ocrx_word' id='word_1_212' title='bbox 1622 3804 1734 3893; x_wconf 89' lang='lat' dir='ltr'><strong>precii</strong></span> <span class='ocrx_word' id='word_1_213' title='bbox 1766 3806 1806 3871; x_wconf 87' lang='lat' dir='ltr'><strong>xl</strong></span> <span class='ocrx_word' id='word_1_214' title='bbox 1844 3802 2047 3879; x_wconf 86' lang='lat' dir='ltr'><strong>solidorum,</strong></span> <span class='ocrx_word' id='word_1_215' title='bbox 2085 3806 2123 3865; x_wconf 92' lang='lat' dir='ltr'><strong>et</strong></span> 
     </span>
     <span class='ocr_line' id='line_1_24' title="bbox 610 3936 2121 4032; baseline 0.001 -30"><span class='ocrx_word' id='word_1_216' title='bbox 610 3938 707 4003; x_wconf 85' lang='lat' dir='ltr'><strong>aliud</strong></span> <span class='ocrx_word' id='word_1_217' title='bbox 735 3958 802 4025; x_wconf 89' lang='lat' dir='ltr'><strong>par</strong></span> <span class='ocrx_word' id='word_1_218' title='bbox 836 3940 1127 4011; x_wconf 84' lang='lat' dir='ltr'><strong>vestimentorum</strong></span> <span class='ocrx_word' id='word_1_219' title='bbox 1163 3944 1274 4031; x_wconf 87' lang='lat' dir='ltr'><strong>precii</strong></span> <span class='ocrx_word' id='word_1_220' title='bbox 1312 3944 1469 4032; x_wconf 90' lang='lat' dir='ltr'><strong>quinque</strong></span> <span class='ocrx_word' id='word_1_221' title='bbox 1506 3962 1715 4024; x_wconf 86' lang='lat' dir='ltr'><strong>marcarum,</strong></span> <span class='ocrx_word' id='word_1_222' title='bbox 1751 3950 1790 4009; x_wconf 91' lang='lat' dir='ltr'><strong>et</strong></span> <span class='ocrx_word' id='word_1_223' title='bbox 1826 3959 1935 4007; x_wconf 83' lang='lat' dir='ltr'><strong>vnum</strong></span> <span class='ocrx_word' id='word_1_224' title='bbox 1974 3936 2121 4005; x_wconf 85' lang='lat' dir='ltr'><strong>calicem</strong></span> 
     </span>
     <span class='ocr_line' id='line_1_25' title="bbox 610 4077 2122 4169; baseline 0 -27"><span class='ocrx_word' id='word_1_225' title='bbox 610 4077 866 4161; x_wconf 84' lang='lat' dir='ltr'><strong>ponderantem</strong></span> <span class='ocrx_word' id='word_1_226' title='bbox 897 4078 1027 4166; x_wconf 85' lang='lat' dir='ltr'><strong>viginti</strong></span> <span class='ocrx_word' id='word_1_227' title='bbox 1055 4080 1188 4161; x_wconf 77' lang='lat' dir='ltr'><strong>uncias,</strong></span> <span class='ocrx_word' id='word_1_228' title='bbox 1219 4100 1263 4147; x_wconf 87' lang='lat' dir='ltr'><strong>ac</strong></span> <span class='ocrx_word' id='word_1_229' title='bbox 1291 4082 1364 4149; x_wconf 83' lang='lat' dir='ltr'><strong>alia</strong></span> <span class='ocrx_word' id='word_1_230' title='bbox 1392 4082 1559 4149; x_wconf 79' lang='lat' dir='ltr'><strong>utensilia</strong></span> <span class='ocrx_word' id='word_1_231' title='bbox 1587 4082 1640 4149; x_wconf 89' lang='lat' dir='ltr'><strong>eis</strong></span> <span class='ocrx_word' id='word_1_232' title='bbox 1668 4100 1733 4169; x_wconf 87' lang='lat' dir='ltr'><strong>per</strong></span> <span class='ocrx_word' id='word_1_233' title='bbox 1753 4099 1820 4147; x_wconf 86' lang='lat' dir='ltr'><strong>nos</strong></span> <span class='ocrx_word' id='word_1_234' title='bbox 1847 4078 1998 4147; x_wconf 86' lang='lat' dir='ltr'><strong>liberata</strong></span> <span class='ocrx_word' id='word_1_235' title='bbox 2028 4077 2122 4144; x_wconf 87' lang='lat' dir='ltr'><strong>bens</strong></span> 
     </span>
     <span class='ocr_line' id='line_1_26' title="bbox 610 4215 2120 4298; baseline 0.003 -21"><span class='ocrx_word' id='word_1_236' title='bbox 610 4220 647 4277; x_wconf 90' lang='lat' dir='ltr'><strong>et</strong></span> <span class='ocrx_word' id='word_1_237' title='bbox 676 4220 915 4298; x_wconf 86' lang='lat' dir='ltr'><strong>competenter</strong></span> <span class='ocrx_word' id='word_1_238' title='bbox 945 4215 1146 4284; x_wconf 89' lang='lat' dir='ltr'><strong>custodient</strong></span> <span class='ocrx_word' id='word_1_239' title='bbox 1174 4216 1278 4285; x_wconf 85' lang='lat' dir='ltr'><strong>etin</strong></span> <span class='ocrx_word' id='word_1_240' title='bbox 1316 4228 1429 4287; x_wconf 86' lang='lat' dir='ltr'><strong>morte</strong></span> <span class='ocrx_word' id='word_1_241' title='bbox 1466 4220 1658 4287; x_wconf 88' lang='lat' dir='ltr'><strong>eorundem</strong></span> <span class='ocrx_word' id='word_1_242' title='bbox 1690 4220 1815 4285; x_wconf 88' lang='lat' dir='ltr'><strong>eadem</strong></span> <span class='ocrx_word' id='word_1_243' title='bbox 1851 4219 1948 4283; x_wconf 81' lang='lat' dir='ltr'><strong>bons</strong></span> <span class='ocrx_word' id='word_1_244' title='bbox 1983 4233 2120 4281; x_wconf 86' lang='lat' dir='ltr'><strong>succes·</strong></span> 
     </span>
     <span class='ocr_line' id='line_1_27' title="bbox 611 4348 2123 4443; baseline 0.002 -29"><span class='ocrx_word' id='word_1_245' title='bbox 611 4348 750 4415; x_wconf 76' lang='lat' dir='ltr'><strong>sonibus</strong></span> <span class='ocrx_word' id='word_1_246' title='bbox 778 4350 853 4417; x_wconf 89' lang='lat' dir='ltr'><strong>suis</strong></span> <span class='ocrx_word' id='word_1_247' title='bbox 882 4354 1088 4438; x_wconf 81' lang='lat' dir='ltr'><strong>capellanis</strong></span> <span class='ocrx_word' id='word_1_248' title='bbox 1117 4354 1297 4422; x_wconf 89' lang='lat' dir='ltr'><strong>dimittent</strong></span> <span class='ocrx_word' id='word_1_249' title='bbox 1326 4365 1363 4423; x_wconf 90' lang='lat' dir='ltr'><strong>et</strong></span> <span class='ocrx_word' id='word_1_250' title='bbox 1390 4355 1432 4437; x_wconf 84' lang='lat' dir='ltr'><strong>si,</strong></span> <span class='ocrx_word' id='word_1_251' title='bbox 1469 4356 1565 4443; x_wconf 90' lang='lat' dir='ltr'><strong>quod</strong></span> <span class='ocrx_word' id='word_1_252' title='bbox 1600 4356 1708 4436; x_wconf 86' lang='lat' dir='ltr'><strong>absit,</strong></span> <span class='ocrx_word' id='word_1_253' title='bbox 1742 4376 1790 4422; x_wconf 83' lang='lat' dir='ltr'><strong>ex</strong></span> <span class='ocrx_word' id='word_1_254' title='bbox 1824 4350 2049 4441; x_wconf 77' lang='lat' dir='ltr'><strong>negligencia</strong></span> <span class='ocrx_word' id='word_1_255' title='bbox 2084 4359 2123 4417; x_wconf 88' lang='lat' dir='ltr'><strong>et</strong></span> 
     </span>
     <span class='ocr_line' id='line_1_28' title="bbox 612 4484 2123 4579; baseline 0.003 -28"><span class='ocrx_word' id='word_1_256' title='bbox 612 4484 750 4553; x_wconf 86' lang='lat' dir='ltr'><strong>defectu</strong></span> <span class='ocrx_word' id='word_1_257' title='bbox 786 4508 907 4557; x_wconf 85' lang='lat' dir='ltr'><strong>eomm</strong></span> <span class='ocrx_word' id='word_1_258' title='bbox 943 4492 1091 4578; x_wconf 89' lang='lat' dir='ltr'><strong>perdita</strong></span> <span class='ocrx_word' id='word_1_259' title='bbox 1129 4490 1260 4560; x_wconf 83' lang='lat' dir='ltr'><strong>fuerint</strong></span> <span class='ocrx_word' id='word_1_260' title='bbox 1297 4493 1392 4579; x_wconf 90' lang='lat' dir='ltr'><strong>quod</strong></span> <span class='ocrx_word' id='word_1_261' title='bbox 1434 4492 1504 4579; x_wconf 91' lang='lat' dir='ltr'><strong>ipsi</strong></span> <span class='ocrx_word' id='word_1_262' title='bbox 1547 4511 1638 4579; x_wconf 87' lang='lat' dir='ltr'><strong>eque</strong></span> <span class='ocrx_word' id='word_1_263' title='bbox 1674 4493 1771 4559; x_wconf 85' lang='lat' dir='ltr'><strong>bona</strong></span> <span class='ocrx_word' id='word_1_264' title='bbox 1809 4489 2008 4576; x_wconf 88' lang='lat' dir='ltr'><strong>sumptibus</strong></span> <span class='ocrx_word' id='word_1_265' title='bbox 2047 4486 2123 4555; x_wconf 88' lang='lat' dir='ltr'><strong>suis</strong></span> 
     </span>
     <span class='ocr_line' id='line_1_29' title="bbox 612 4625 2125 4717; baseline 0.001 -28"><span class='ocrx_word' id='word_1_266' title='bbox 612 4630 811 4692; x_wconf 85' lang='lat' dir='ltr'><strong>restaurent</strong></span> <span class='ocrx_word' id='word_1_267' title='bbox 838 4644 903 4711; x_wconf 86' lang='lat' dir='ltr'><strong>per</strong></span> <span class='ocrx_word' id='word_1_268' title='bbox 931 4628 1178 4697; x_wconf 86' lang='lat' dir='ltr'><strong>coherolonem</strong></span> <span class='ocrx_word' id='word_1_269' title='bbox 1207 4640 1245 4697; x_wconf 90' lang='lat' dir='ltr'><strong>et</strong></span> <span class='ocrx_word' id='word_1_270' title='bbox 1272 4628 1534 4699; x_wconf 67' lang='lat' dir='ltr'><strong>dmuiocionem</strong></span> <span class='ocrx_word' id='word_1_271' title='bbox 1562 4628 1711 4717; x_wconf 81' lang='lat' dir='ltr'><strong>Maioris</strong></span> <span class='ocrx_word' id='word_1_272' title='bbox 1738 4628 1834 4696; x_wconf 87' lang='lat' dir='ltr'><strong>dicte</strong></span> <span class='ocrx_word' id='word_1_273' title='bbox 1860 4627 1945 4694; x_wconf 81' lang='lat' dir='ltr'><strong>ville</strong></span> <span class='ocrx_word' id='word_1_274' title='bbox 1972 4625 2036 4713; x_wconf 86' lang='lat' dir='ltr'><strong>qui</strong></span> <span class='ocrx_word' id='word_1_275' title='bbox 2059 4641 2125 4707; x_wconf 90' lang='lat' dir='ltr'><strong>pro</strong></span> 
     </span>
     <span class='ocr_line' id='line_1_30' title="bbox 613 4760 2197 4856; baseline 0.003 -31"><span class='ocrx_word' id='word_1_276' title='bbox 613 4768 773 4846; x_wconf 87' lang='lat' dir='ltr'><strong>tempore</strong></span> <span class='ocrx_word' id='word_1_277' title='bbox 800 4761 916 4830; x_wconf 84' lang='lat' dir='ltr'><strong>fuerit.</strong></span> <span class='ocrx_word' id='word_1_278' title='bbox 963 4764 1013 4832; x_wconf 90' lang='lat' dir='ltr'><strong>Et</strong></span> <span class='ocrx_word' id='word_1_279' title='bbox 1040 4784 1107 4833; x_wconf 87' lang='lat' dir='ltr'><strong>nos</strong></span> <span class='ocrx_word' id='word_1_280' title='bbox 1134 4766 1287 4854; x_wconf 87' lang='lat' dir='ltr'><strong>predicti</strong></span> <span class='ocrx_word' id='word_1_281' title='bbox 1306 4766 1509 4835; x_wconf 77' lang='lat' dir='ltr'><strong>Willelmus</strong></span> <span class='ocrx_word' id='word_1_282' title='bbox 1531 4766 1722 4856; x_wconf 80' lang='lat' dir='ltr'><strong>Canynges</strong></span> <span class='ocrx_word' id='word_1_283' title='bbox 1742 4775 1780 4834; x_wconf 89' lang='lat' dir='ltr'><strong>et</strong></span> <span class='ocrx_word' id='word_1_284' title='bbox 1799 4764 1982 4831; x_wconf 78' lang='lat' dir='ltr'><strong>Walter-us</strong></span> <span class='ocrx_word' id='word_1_285' title='bbox 2001 4760 2126 4846; x_wconf 84' lang='lat' dir='ltr'><strong>Derby</strong></span> <span class='ocrx_word' id='word_1_286' title='bbox 2192 4781 2197 4788; x_wconf 89' lang='lat'><strong>·</strong></span> 
     </span>
    </p>
   </div>
   <div class='ocr_carea' id='block_1_3' title="bbox 615 4896 2124 4992">
    <p class='ocr_par' dir='ltr' id='par_1_3' title="bbox 615 4896 2124 4992">
     <span class='ocr_line' id='line_1_31' title="bbox 615 4896 2124 4992; baseline 0.001 -29"><span class='ocrx_word' id='word_1_287' title='bbox 615 4906 651 4963; x_wconf 90' lang='lat' dir='ltr'><strong>et</strong></span> <span class='ocrx_word' id='word_1_288' title='bbox 678 4899 826 4967; x_wconf 88' lang='lat' dir='ltr'><strong>heredes</strong></span> <span class='ocrx_word' id='word_1_289' title='bbox 851 4902 964 4969; x_wconf 86' lang='lat' dir='ltr'><strong>nostri</strong></span> <span class='ocrx_word' id='word_1_290' title='bbox 1003 4904 1165 4990; x_wconf 85' lang='lat' dir='ltr'><strong>predicta</strong></span> <span class='ocrx_word' id='word_1_291' title='bbox 1192 4902 1388 4992; x_wconf 76' lang='lat' dir='ltr'><strong>mesmgis,</strong></span> <span class='ocrx_word' id='word_1_292' title='bbox 1417 4904 1549 4992; x_wconf 88' lang='lat' dir='ltr'><strong>shopas</strong></span> <span class='ocrx_word' id='word_1_293' title='bbox 1577 4915 1616 4971; x_wconf 87' lang='lat' dir='ltr'><strong>st</strong></span> <span class='ocrx_word' id='word_1_294' title='bbox 1643 4902 1812 4971; x_wconf 76' lang='lat' dir='ltr'><strong>calanum</strong></span> <span class='ocrx_word' id='word_1_295' title='bbox 1848 4918 1929 4967; x_wconf 88' lang='lat' dir='ltr'><strong>cum</strong></span> <span class='ocrx_word' id='word_1_296' title='bbox 1958 4896 2124 4966; x_wconf 88' lang='lat' dir='ltr'><strong>omnibus</strong></span> 
     </span>
    </p>
   </div>
   <div class='ocr_carea' id='block_1_4' title="bbox 1199 5076 1533 5144">
    <p class='ocr_par' dir='ltr' id='par_1_4' title="bbox 1199 5076 1533 5144">
     <span class='ocr_line' id='line_1_32' title="bbox 1199 5076 1533 5144; baseline -0.003 -15"><span class='ocrx_word' id='word_1_297' title='bbox 1199 5077 1347 5130; x_wconf 59' lang='grc' dir='ltr'><strong>ηοω</strong></span> <span class='ocrx_word' id='word_1_298' title='bbox 1361 5092 1391 5129; x_wconf 76' lang='grc' dir='ltr'><strong>α</strong></span> <span class='ocrx_word' id='word_1_299' title='bbox 1404 5076 1533 5144; x_wconf 68' lang='lat' dir='ltr'><strong>ummy.</strong></span> 
     </span>
    </p>
   </div>
   <div class='ocr_carea' id='block_1_5' title="bbox 0 0 2504 6308">
    <p class='ocr_par' dir='ltr' id='par_1_5' title="bbox 0 0 2504 6308">
     <span class='ocr_line' id='line_1_33' title="bbox 0 0 2504 6308; baseline 0 0"><span class='ocrx_word' id='word_1_300' title='bbox 0 0 2504 6308; x_wconf 95' lang='lat' dir='ltr'><strong> </strong></span> 
     </span>
    </p>
   </div>
  </div>
 </body>
</html>
