<?xml version="1.0" encoding="UTF-8"?>
<!DOCTYPE html PUBLIC "-//W3C//DTD XHTML 1.0 Transitional//EN"
    "http://www.w3.org/TR/xhtml1/DTD/xhtml1-transitional.dtd">
<html xmlns="http://www.w3.org/1999/xhtml" xml:lang="en" lang="en">
 <head>
  <title>
</title>
<meta http-equiv="Content-Type" content="text/html;charset=utf-8" />
  <meta name='ocr-system' content='tesseract 3.04.00' />
  <meta name='ocr-capabilities' content='ocr_page ocr_carea ocr_par ocr_line ocrx_word'/>
</head>
<body>
  <div class='ocr_page' id='page_1' title='image "./littleredbookbr00coungoog/littleredbookbr00coungoog_0237.png"; bbox 0 0 4975 6309; ppageno 0'>
   <div class='ocr_carea' id='block_1_1' title="bbox 644 760 1904 867">
    <p class='ocr_par' dir='ltr' id='par_1_1' title="bbox 644 760 1904 867">
     <span class='ocr_line' id='line_1_1' title="bbox 644 760 1904 867; baseline 0.013 -18"><span class='ocrx_word' id='word_1_1' title='bbox 644 760 1571 859; x_wconf 56' lang='lat' dir='ltr'><strong>&#39;mmmmmm</strong></span> <span class='ocrx_word' id='word_1_2' title='bbox 1837 793 1904 867; x_wconf 73' lang='lat' dir='ltr'><strong>tm</strong></span> 
     </span>
    </p>
   </div>
   <div class='ocr_carea' id='block_1_2' title="bbox 406 980 1917 3119">
    <p class='ocr_par' dir='ltr' id='par_1_2' title="bbox 406 980 1917 3119">
     <span class='ocr_line' id='line_1_2' title="bbox 406 980 1910 1071; baseline 0.001 -23"><span class='ocrx_word' id='word_1_3' title='bbox 406 982 681 1071; x_wconf 85' lang='lat' dir='ltr'><strong>redempciones,</strong></span> <span class='ocrx_word' id='word_1_4' title='bbox 710 982 828 1050; x_wconf 78' lang='lat' dir='ltr'><strong>exitus</strong></span> <span class='ocrx_word' id='word_1_5' title='bbox 856 992 893 1051; x_wconf 92' lang='lat' dir='ltr'><strong>et</strong></span> <span class='ocrx_word' id='word_1_6' title='bbox 921 982 1205 1063; x_wconf 81' lang='lat' dir='ltr'><strong>amerclamenta,</strong></span> <span class='ocrx_word' id='word_1_7' title='bbox 1235 1000 1279 1048; x_wconf 90' lang='lat' dir='ltr'><strong>ac</strong></span> <span class='ocrx_word' id='word_1_8' title='bbox 1308 980 1380 1047; x_wconf 90' lang='lat' dir='ltr'><strong>alia</strong></span> <span class='ocrx_word' id='word_1_9' title='bbox 1407 980 1564 1069; x_wconf 86' lang='lat' dir='ltr'><strong>proficua</strong></span> <span class='ocrx_word' id='word_1_10' title='bbox 1593 1000 1811 1069; x_wconf 88' lang='lat' dir='ltr'><strong>quecumque</strong></span> <span class='ocrx_word' id='word_1_11' title='bbox 1839 1000 1910 1069; x_wconf 87' lang='lat' dir='ltr'><strong>que</strong></span> 
     </span>
     <span class='ocr_line' id='line_1_3' title="bbox 410 1117 1911 1205; baseline 0.002 -21"><span class='ocrx_word' id='word_1_12' title='bbox 410 1118 456 1184; x_wconf 89' lang='lat' dir='ltr'><strong>ad</strong></span> <span class='ocrx_word' id='word_1_13' title='bbox 480 1118 676 1203; x_wconf 78' lang='lat' dir='ltr'><strong>predictam</strong></span> <span class='ocrx_word' id='word_1_14' title='bbox 704 1118 838 1199; x_wconf 88' lang='lat' dir='ltr'><strong>villam,</strong></span> <span class='ocrx_word' id='word_1_15' title='bbox 866 1118 1035 1187; x_wconf 85' lang='lat' dir='ltr'><strong>suburbia</strong></span> <span class='ocrx_word' id='word_1_16' title='bbox 1058 1128 1095 1185; x_wconf 86' lang='lat' dir='ltr'><strong>et</strong></span> <span class='ocrx_word' id='word_1_17' title='bbox 1119 1117 1339 1204; x_wconf 89' lang='lat' dir='ltr'><strong>procinctum</strong></span> <span class='ocrx_word' id='word_1_18' title='bbox 1362 1119 1520 1186; x_wconf 85' lang='lat' dir='ltr'><strong>eiusdem</strong></span> <span class='ocrx_word' id='word_1_19' title='bbox 1545 1120 1723 1205; x_wconf 86' lang='lat' dir='ltr'><strong>pertinere</strong></span> <span class='ocrx_word' id='word_1_20' title='bbox 1746 1120 1911 1205; x_wconf 84' lang='lat' dir='ltr'><strong>poterint.</strong></span> 
     </span>
     <span class='ocr_line' id='line_1_4' title="bbox 410 1252 1911 1341; baseline 0.002 -20"><span class='ocrx_word' id='word_1_21' title='bbox 410 1274 479 1341; x_wconf 89' lang='lat' dir='ltr'><strong>que</strong></span> <span class='ocrx_word' id='word_1_22' title='bbox 506 1272 571 1341; x_wconf 89' lang='lat' dir='ltr'><strong>per</strong></span> <span class='ocrx_word' id='word_1_23' title='bbox 598 1255 741 1323; x_wconf 86' lang='lat' dir='ltr'><strong>eosdem</strong></span> <span class='ocrx_word' id='word_1_24' title='bbox 769 1254 943 1323; x_wconf 79' lang='lat' dir='ltr'><strong>Maiorem</strong></span> <span class='ocrx_word' id='word_1_25' title='bbox 971 1264 1008 1321; x_wconf 92' lang='lat' dir='ltr'><strong>et</strong></span> <span class='ocrx_word' id='word_1_26' title='bbox 1041 1252 1339 1323; x_wconf 84' lang='lat' dir='ltr'><strong>Communitatem</strong></span> <span class='ocrx_word' id='word_1_27' title='bbox 1369 1264 1405 1321; x_wconf 90' lang='lat' dir='ltr'><strong>et</strong></span> <span class='ocrx_word' id='word_1_28' title='bbox 1434 1274 1556 1323; x_wconf 86' lang='lat' dir='ltr'><strong>eorum</strong></span> <span class='ocrx_word' id='word_1_29' title='bbox 1585 1276 1804 1325; x_wconf 71' lang='lat' dir='ltr'><strong>successores</strong></span> <span class='ocrx_word' id='word_1_30' title='bbox 1832 1256 1911 1324; x_wconf 90' lang='lat' dir='ltr'><strong>sine</strong></span> 
     </span>
     <span class='ocr_line' id='line_1_5' title="bbox 408 1390 1911 1480; baseline 0.001 -21"><span class='ocrx_word' id='word_1_31' title='bbox 408 1390 542 1459; x_wconf 87' lang='lat' dir='ltr'><strong>auxilio</strong></span> <span class='ocrx_word' id='word_1_32' title='bbox 570 1390 706 1479; x_wconf 85' lang='lat' dir='ltr'><strong>prefate</strong></span> <span class='ocrx_word' id='word_1_33' title='bbox 741 1391 884 1459; x_wconf 88' lang='lat' dir='ltr'><strong>domine</strong></span> <span class='ocrx_word' id='word_1_34' title='bbox 918 1391 1061 1480; x_wconf 86' lang='lat' dir='ltr'><strong>Regino</strong></span> <span class='ocrx_word' id='word_1_35' title='bbox 1096 1391 1153 1457; x_wconf 78' lang='lat' dir='ltr'><strong>vel</strong></span> <span class='ocrx_word' id='word_1_36' title='bbox 1192 1390 1434 1458; x_wconf 89' lang='lat' dir='ltr'><strong>ministrorum</strong></span> <span class='ocrx_word' id='word_1_37' title='bbox 1472 1412 1616 1460; x_wconf 90' lang='lat' dir='ltr'><strong>suorum</strong></span> <span class='ocrx_word' id='word_1_38' title='bbox 1653 1393 1690 1459; x_wconf 88' lang='lat' dir='ltr'><strong>in</strong></span> <span class='ocrx_word' id='word_1_39' title='bbox 1733 1393 1911 1460; x_wconf 75' lang='lat' dir='ltr'><strong>scaccario</strong></span> 
     </span>
     <span class='ocr_line' id='line_1_6' title="bbox 408 1526 1912 1617; baseline 0 -20"><span class='ocrx_word' id='word_1_40' title='bbox 408 1528 494 1597; x_wconf 87' lang='lat' dir='ltr'><strong>dicti</strong></span> <span class='ocrx_word' id='word_1_41' title='bbox 515 1528 651 1597; x_wconf 87' lang='lat' dir='ltr'><strong>domini</strong></span> <span class='ocrx_word' id='word_1_42' title='bbox 672 1526 789 1617; x_wconf 82' lang='lat' dir='ltr'><strong>Regis</strong></span> <span class='ocrx_word' id='word_1_43' title='bbox 807 1527 939 1595; x_wconf 85' lang='lat' dir='ltr'><strong>habere</strong></span> <span class='ocrx_word' id='word_1_44' title='bbox 954 1526 1035 1616; x_wconf 75' lang='lat' dir='ltr'><strong>(sti),</strong></span> <span class='ocrx_word' id='word_1_45' title='bbox 1049 1527 1167 1595; x_wconf 89' lang='lat' dir='ltr'><strong>levare</strong></span> <span class='ocrx_word' id='word_1_46' title='bbox 1183 1526 1253 1617; x_wconf 77' lang='lat' dir='ltr'><strong>(sic)</strong></span> <span class='ocrx_word' id='word_1_47' title='bbox 1273 1530 1419 1597; x_wconf 89' lang='lat' dir='ltr'><strong>minime</strong></span> <span class='ocrx_word' id='word_1_48' title='bbox 1437 1538 1612 1617; x_wconf 85' lang='lat' dir='ltr'><strong>potenmt,</strong></span> <span class='ocrx_word' id='word_1_49' title='bbox 1635 1529 1730 1615; x_wconf 88' lang='lat' dir='ltr'><strong>quod</strong></span> <span class='ocrx_word' id='word_1_50' title='bbox 1749 1529 1830 1615; x_wconf 79' lang='lat' dir='ltr'><strong>ipso</strong></span> <span class='ocrx_word' id='word_1_51' title='bbox 1847 1548 1912 1615; x_wconf 88' lang='lat' dir='ltr'><strong>per</strong></span> 
     </span>
     <span class='ocr_line' id='line_1_7' title="bbox 407 1664 1910 1752; baseline 0.001 -20"><span class='ocrx_word' id='word_1_52' title='bbox 407 1665 587 1733; x_wconf 87' lang='lat' dir='ltr'><strong>ministros</strong></span> <span class='ocrx_word' id='word_1_53' title='bbox 612 1684 697 1733; x_wconf 87' lang='lat' dir='ltr'><strong>suos</strong></span> <span class='ocrx_word' id='word_1_54' title='bbox 721 1684 786 1751; x_wconf 93' lang='lat' dir='ltr'><strong>pro</strong></span> <span class='ocrx_word' id='word_1_55' title='bbox 811 1675 970 1752; x_wconf 85' lang='lat' dir='ltr'><strong>ternpore</strong></span> <span class='ocrx_word' id='word_1_56' title='bbox 993 1664 1187 1733; x_wconf 75' lang='lat' dir='ltr'><strong>existentes</strong></span> <span class='ocrx_word' id='word_1_57' title='bbox 1213 1665 1337 1733; x_wconf 87' lang='lat' dir='ltr'><strong>eadem</strong></span> <span class='ocrx_word' id='word_1_58' title='bbox 1360 1664 1462 1747; x_wconf 87' lang='lat' dir='ltr'><strong>fines,</strong></span> <span class='ocrx_word' id='word_1_59' title='bbox 1483 1667 1759 1752; x_wconf 64' lang='lat' dir='ltr'><strong>redempcione,</strong></span> <span class='ocrx_word' id='word_1_60' title='bbox 1781 1665 1910 1747; x_wconf 82' lang='lat' dir='ltr'><strong>exitus,</strong></span> 
     </span>
     <span class='ocr_line' id='line_1_8' title="bbox 408 1798 1911 1891; baseline 0.001 -22"><span class='ocrx_word' id='word_1_61' title='bbox 408 1802 681 1871; x_wconf 74' lang='lat' dir='ltr'><strong>amardementa</strong></span> <span class='ocrx_word' id='word_1_62' title='bbox 708 1810 745 1869; x_wconf 85' lang='lat' dir='ltr'><strong>et</strong></span> <span class='ocrx_word' id='word_1_63' title='bbox 773 1802 894 1869; x_wconf 85' lang='lat' dir='ltr'><strong>omnia</strong></span> <span class='ocrx_word' id='word_1_64' title='bbox 922 1800 994 1869; x_wconf 86' lang='lat' dir='ltr'><strong>alia</strong></span> <span class='ocrx_word' id='word_1_65' title='bbox 1018 1798 1176 1888; x_wconf 86' lang='lat' dir='ltr'><strong>prolicua</strong></span> <span class='ocrx_word' id='word_1_66' title='bbox 1203 1820 1274 1889; x_wconf 88' lang='lat' dir='ltr'><strong>quo</strong></span> <span class='ocrx_word' id='word_1_67' title='bbox 1302 1803 1349 1870; x_wconf 84' lang='lat' dir='ltr'><strong>ad</strong></span> <span class='ocrx_word' id='word_1_68' title='bbox 1378 1804 1494 1887; x_wconf 83' lang='lat' dir='ltr'>ipsam</span> <span class='ocrx_word' id='word_1_69' title='bbox 1525 1802 1706 1891; x_wconf 76' lang='lat' dir='ltr'><strong>Reginam</strong></span> <span class='ocrx_word' id='word_1_70' title='bbox 1734 1804 1911 1889; x_wconf 85' lang='lat' dir='ltr'><strong>pertinere</strong></span> 
     </span>
     <span class='ocr_line' id='line_1_9' title="bbox 407 1936 1913 2025; baseline 0 -18"><span class='ocrx_word' id='word_1_71' title='bbox 407 1938 613 2008; x_wconf 77' lang='lat' dir='ltr'>debuissent</span> <span class='ocrx_word' id='word_1_72' title='bbox 641 1940 686 2006; x_wconf 90' lang='lat' dir='ltr'><strong>de</strong></span> <span class='ocrx_word' id='word_1_73' title='bbox 713 1938 810 2021; x_wconf 86' lang='lat' dir='ltr'><strong>villa,</strong></span> <span class='ocrx_word' id='word_1_74' title='bbox 841 1938 1019 2006; x_wconf 80' lang='lat' dir='ltr'>suburbiis</span> <span class='ocrx_word' id='word_1_75' title='bbox 1046 1944 1082 2005; x_wconf 92' lang='lat' dir='ltr'><strong>et</strong></span> <span class='ocrx_word' id='word_1_76' title='bbox 1107 1936 1291 2025; x_wconf 87' lang='lat' dir='ltr'><strong>procinctu</strong></span> <span class='ocrx_word' id='word_1_77' title='bbox 1316 1939 1484 2018; x_wconf 84' lang='lat' dir='ltr'><strong>eiusdem,</strong></span> <span class='ocrx_word' id='word_1_78' title='bbox 1511 1938 1559 2005; x_wconf 85' lang='lat' dir='ltr'><strong>ad</strong></span> <span class='ocrx_word' id='word_1_79' title='bbox 1588 1958 1683 2025; x_wconf 73' lang='lat' dir='ltr'><strong>opus</strong></span> <span class='ocrx_word' id='word_1_80' title='bbox 1704 1938 1853 2007; x_wconf 85' lang='lat' dir='ltr'><strong>Maioris</strong></span> <span class='ocrx_word' id='word_1_81' title='bbox 1875 1947 1913 2006; x_wconf 91' lang='lat' dir='ltr'><strong>et</strong></span> 
     </span>
     <span class='ocr_line' id='line_1_10' title="bbox 409 2074 1914 2161; baseline -0.001 -16"><span class='ocrx_word' id='word_1_82' title='bbox 409 2075 682 2145; x_wconf 72' lang='lat' dir='ltr'><strong>Commium</strong></span> <span class='ocrx_word' id='word_1_83' title='bbox 719 2076 803 2143; x_wconf 83' lang='lat' dir='ltr'><strong>ville</strong></span> <span class='ocrx_word' id='word_1_84' title='bbox 842 2074 1000 2161; x_wconf 75' lang='lat' dir='ltr'><strong>predicte</strong></span> <span class='ocrx_word' id='word_1_85' title='bbox 1035 2084 1073 2141; x_wconf 93' lang='lat' dir='ltr'><strong>et</strong></span> <span class='ocrx_word' id='word_1_86' title='bbox 1112 2092 1233 2141; x_wconf 88' lang='lat' dir='ltr'><strong>eorum</strong></span> <span class='ocrx_word' id='word_1_87' title='bbox 1273 2094 1515 2141; x_wconf 88' lang='lat' dir='ltr'><strong>successorum</strong></span> <span class='ocrx_word' id='word_1_88' title='bbox 1556 2075 1691 2142; x_wconf 87' lang='lat' dir='ltr'><strong>eisdem</strong></span> <span class='ocrx_word' id='word_1_89' title='bbox 1731 2076 1837 2143; x_wconf 90' lang='lat' dir='ltr'><strong>modo</strong></span> <span class='ocrx_word' id='word_1_90' title='bbox 1876 2084 1914 2143; x_wconf 90' lang='lat' dir='ltr'><strong>et</strong></span> 
     </span>
     <span class='ocr_line' id='line_1_11' title="bbox 408 2208 1915 2300; baseline -0.003 -17"><span class='ocrx_word' id='word_1_91' title='bbox 408 2214 521 2283; x_wconf 86' lang='lat' dir='ltr'><strong>forma</strong></span> <span class='ocrx_word' id='word_1_92' title='bbox 553 2212 786 2300; x_wconf 73' lang='lat' dir='ltr'><strong>calumpniari</strong></span> <span class='ocrx_word' id='word_1_93' title='bbox 820 2222 857 2280; x_wconf 85' lang='lat' dir='ltr'><strong>et</strong></span> <span class='ocrx_word' id='word_1_94' title='bbox 893 2212 1004 2279; x_wconf 87' lang='lat' dir='ltr'><strong>levari</strong></span> <span class='ocrx_word' id='word_1_95' title='bbox 1039 2208 1170 2295; x_wconf 67' lang='lat' dir='ltr'><strong>laciat¹</strong></span> <span class='ocrx_word' id='word_1_96' title='bbox 1200 2222 1236 2280; x_wconf 91' lang='lat' dir='ltr'><strong>et</strong></span> <span class='ocrx_word' id='word_1_97' title='bbox 1268 2210 1402 2279; x_wconf 87' lang='lat' dir='ltr'><strong>eisdem</strong></span> <span class='ocrx_word' id='word_1_98' title='bbox 1432 2212 1561 2279; x_wconf 85' lang='lat' dir='ltr'><strong>Maiori</strong></span> <span class='ocrx_word' id='word_1_99' title='bbox 1589 2222 1629 2280; x_wconf 90' lang='lat' dir='ltr'><strong>et</strong></span> <span class='ocrx_word' id='word_1_100' title='bbox 1659 2208 1915 2281; x_wconf 74' lang='lat' dir='ltr'><strong>communitati</strong></span> 
     </span>
     <span class='ocr_line' id='line_1_12' title="bbox 407 2347 1913 2420; baseline -0.001 0"><span class='ocrx_word' id='word_1_101' title='bbox 407 2362 444 2420; x_wconf 86' lang='lat' dir='ltr'><strong>et</strong></span> <span class='ocrx_word' id='word_1_102' title='bbox 480 2368 601 2419; x_wconf 89' lang='lat' dir='ltr'><strong>eorum</strong></span> <span class='ocrx_word' id='word_1_103' title='bbox 637 2349 897 2417; x_wconf 87' lang='lat' dir='ltr'><strong>successoribus</strong></span> <span class='ocrx_word' id='word_1_104' title='bbox 933 2347 1017 2416; x_wconf 88' lang='lat' dir='ltr'><strong>inde</strong></span> <span class='ocrx_word' id='word_1_105' title='bbox 1051 2348 1313 2417; x_wconf 84' lang='lat' dir='ltr'><strong>racionabiliter</strong></span> <span class='ocrx_word' id='word_1_106' title='bbox 1349 2351 1493 2417; x_wconf 85' lang='lat' dir='ltr'><strong>allocari</strong></span> <span class='ocrx_word' id='word_1_107' title='bbox 1523 2350 1614 2418; x_wconf 89' lang='lat' dir='ltr'><strong>sicut</strong></span> <span class='ocrx_word' id='word_1_108' title='bbox 1649 2370 1693 2417; x_wconf 86' lang='lat' dir='ltr'><strong>ea</strong></span> <span class='ocrx_word' id='word_1_109' title='bbox 1728 2350 1775 2416; x_wconf 88' lang='lat' dir='ltr'><strong>ad</strong></span> <span class='ocrx_word' id='word_1_110' title='bbox 1809 2369 1913 2419; x_wconf 88' lang='lat' dir='ltr'><strong>vsum</strong></span> 
     </span>
     <span class='ocr_line' id='line_1_13' title="bbox 410 2484 1912 2575; baseline 0 -21"><span class='ocrx_word' id='word_1_111' title='bbox 410 2486 544 2575; x_wconf 82' lang='lat' dir='ltr'><strong>prefate</strong></span> <span class='ocrx_word' id='word_1_112' title='bbox 568 2484 713 2553; x_wconf 88' lang='lat' dir='ltr'><strong>domine</strong></span> <span class='ocrx_word' id='word_1_113' title='bbox 733 2484 877 2573; x_wconf 82' lang='lat' dir='ltr'><strong>Regina</strong></span> <span class='ocrx_word' id='word_1_114' title='bbox 898 2494 1005 2552; x_wconf 89' lang='lat' dir='ltr'><strong>antea</strong></span> <span class='ocrx_word' id='word_1_115' title='bbox 1026 2486 1136 2553; x_wconf 87' lang='lat' dir='ltr'><strong>levari</strong></span> <span class='ocrx_word' id='word_1_116' title='bbox 1158 2496 1195 2553; x_wconf 91' lang='lat' dir='ltr'><strong>et</strong></span> <span class='ocrx_word' id='word_1_117' title='bbox 1220 2487 1453 2573; x_wconf 86' lang='lat' dir='ltr'><strong>calumpniari</strong></span> <span class='ocrx_word' id='word_1_118' title='bbox 1475 2496 1732 2554; x_wconf 84' lang='lat' dir='ltr'><strong>consueverunt</strong></span> <span class='ocrx_word' id='word_1_119' title='bbox 1753 2488 1912 2554; x_wconf 82' lang='lat' dir='ltr'><strong>racione·</strong></span> 
     </span>
     <span class='ocr_line' id='line_1_14' title="bbox 409 2620 1912 2709; baseline 0.002 -22"><span class='ocrx_word' id='word_1_120' title='bbox 409 2620 541 2688; x_wconf 88' lang='lat' dir='ltr'><strong>bilibus</strong></span> <span class='ocrx_word' id='word_1_121' title='bbox 566 2620 733 2705; x_wconf 86' lang='lat' dir='ltr'><strong>expensis</strong></span> <span class='ocrx_word' id='word_1_122' title='bbox 757 2629 793 2687; x_wconf 90' lang='lat' dir='ltr'><strong>et</strong></span> <span class='ocrx_word' id='word_1_123' title='bbox 822 2621 992 2709; x_wconf 71' lang='lat' dir='ltr'><strong>contagiis</strong></span> <span class='ocrx_word' id='word_1_124' title='bbox 1020 2623 1257 2707; x_wconf 84' lang='lat' dir='ltr'><strong>predictorum</strong></span> <span class='ocrx_word' id='word_1_125' title='bbox 1286 2623 1435 2691; x_wconf 88' lang='lat' dir='ltr'><strong>Maioris</strong></span> <span class='ocrx_word' id='word_1_126' title='bbox 1463 2634 1500 2691; x_wconf 89' lang='lat' dir='ltr'><strong>et</strong></span> <span class='ocrx_word' id='word_1_127' title='bbox 1529 2623 1813 2692; x_wconf 88' lang='lat' dir='ltr'><strong>Communitatis.</strong></span> <span class='ocrx_word' id='word_1_128' title='bbox 1867 2622 1912 2690; x_wconf 85' lang='lat' dir='ltr'><strong>in</strong></span> 
     </span>
     <span class='ocr_line' id='line_1_15' title="bbox 411 2756 1914 2845; baseline 0.001 -21"><span class='ocrx_word' id='word_1_129' title='bbox 411 2756 511 2824; x_wconf 87' lang='lat' dir='ltr'><strong>cuius</strong></span> <span class='ocrx_word' id='word_1_130' title='bbox 534 2756 587 2824; x_wconf 89' lang='lat' dir='ltr'><strong>rei</strong></span> <span class='ocrx_word' id='word_1_131' title='bbox 608 2756 847 2824; x_wconf 84' lang='lat' dir='ltr'><strong>testimonium</strong></span> <span class='ocrx_word' id='word_1_132' title='bbox 873 2758 935 2823; x_wconf 89' lang='lat' dir='ltr'><strong>vni</strong></span> <span class='ocrx_word' id='word_1_133' title='bbox 953 2758 1048 2843; x_wconf 84' lang='lat' dir='ltr'><strong>parti</strong></span> <span class='ocrx_word' id='word_1_134' title='bbox 1070 2758 1176 2825; x_wconf 89' lang='lat' dir='ltr'><strong>huius</strong></span> <span class='ocrx_word' id='word_1_135' title='bbox 1201 2758 1386 2827; x_wconf 86' lang='lat' dir='ltr'><strong>indenture</strong></span> <span class='ocrx_word' id='word_1_136' title='bbox 1411 2776 1521 2844; x_wconf 85' lang='lat' dir='ltr'><strong>penes</strong></span> <span class='ocrx_word' id='word_1_137' title='bbox 1542 2758 1721 2845; x_wconf 87' lang='lat' dir='ltr'><strong>predictos</strong></span> <span class='ocrx_word' id='word_1_138' title='bbox 1739 2758 1914 2825; x_wconf 87' lang='lat' dir='ltr'><strong>Maiorem</strong></span> 
     </span>
     <span class='ocr_line' id='line_1_16' title="bbox 409 2890 1914 2983; baseline 0.001 -22"><span class='ocrx_word' id='word_1_139' title='bbox 409 2902 446 2961; x_wconf 86' lang='lat' dir='ltr'><strong>et</strong></span> <span class='ocrx_word' id='word_1_140' title='bbox 481 2890 778 2961; x_wconf 85' lang='lat' dir='ltr'><strong>Communitatem</strong></span> <span class='ocrx_word' id='word_1_141' title='bbox 814 2894 1010 2961; x_wconf 74' lang='lat' dir='ltr'><strong>remanmti</strong></span> <span class='ocrx_word' id='word_1_142' title='bbox 1046 2896 1170 2963; x_wconf 85' lang='lat' dir='ltr'><strong>eadem</strong></span> <span class='ocrx_word' id='word_1_143' title='bbox 1214 2896 1360 2963; x_wconf 83' lang='lat' dir='ltr'><strong>domina</strong></span> <span class='ocrx_word' id='word_1_144' title='bbox 1402 2906 1524 2962; x_wconf 84' lang='lat' dir='ltr'><strong>nostra</strong></span> <span class='ocrx_word' id='word_1_145' title='bbox 1565 2895 1710 2983; x_wconf 84' lang='lat' dir='ltr'><strong>Regina</strong></span> <span class='ocrx_word' id='word_1_146' title='bbox 1756 2895 1914 2981; x_wconf 83' lang='lat' dir='ltr'><strong>sigillum</strong></span> 
     </span>
     <span class='ocr_line' id='line_1_17' title="bbox 411 3030 1917 3119; baseline 0 -21"><span class='ocrx_word' id='word_1_147' title='bbox 411 3050 513 3098; x_wconf 86' lang='lat' dir='ltr'><strong>suum</strong></span> <span class='ocrx_word' id='word_1_148' title='bbox 542 3030 719 3116; x_wconf 84' lang='lat' dir='ltr'><strong>apposuit.</strong></span> <span class='ocrx_word' id='word_1_149' title='bbox 774 3030 890 3098; x_wconf 87' lang='lat' dir='ltr'><strong>Alteri</strong></span> <span class='ocrx_word' id='word_1_150' title='bbox 919 3048 1003 3099; x_wconf 79' lang='lat' dir='ltr'><strong>voro</strong></span> <span class='ocrx_word' id='word_1_151' title='bbox 1031 3033 1124 3117; x_wconf 83' lang='lat' dir='ltr'><strong>parti</strong></span> <span class='ocrx_word' id='word_1_152' title='bbox 1161 3032 1319 3100; x_wconf 86' lang='lat' dir='ltr'><strong>eiusdem</strong></span> <span class='ocrx_word' id='word_1_153' title='bbox 1355 3033 1540 3100; x_wconf 78' lang='lat' dir='ltr'><strong>indentur-e</strong></span> <span class='ocrx_word' id='word_1_154' title='bbox 1575 3052 1686 3119; x_wconf 86' lang='lat' dir='ltr'><strong>penes</strong></span> <span class='ocrx_word' id='word_1_155' title='bbox 1721 3032 1917 3118; x_wconf 84' lang='lat' dir='ltr'><strong>predictam</strong></span> 
     </span>
    </p>
   </div>
   <div class='ocr_carea' id='block_1_3' title="bbox 410 3165 1916 3522">
    <p class='ocr_par' dir='ltr' id='par_1_3' title="bbox 410 3165 1916 3522">
     <span class='ocr_line' id='line_1_18' title="bbox 411 3165 1916 3256; baseline -0.002 -20"><span class='ocrx_word' id='word_1_156' title='bbox 411 3168 592 3237; x_wconf 84' lang='lat' dir='ltr'><strong>dominam</strong></span> <span class='ocrx_word' id='word_1_157' title='bbox 627 3165 808 3253; x_wconf 81' lang='lat' dir='ltr'><strong>Reginam</strong></span> <span class='ocrx_word' id='word_1_158' title='bbox 844 3170 1041 3235; x_wconf 83' lang='lat' dir='ltr'><strong>remanenti</strong></span> <span class='ocrx_word' id='word_1_159' title='bbox 1080 3168 1238 3256; x_wconf 84' lang='lat' dir='ltr'><strong>sigillum</strong></span> <span class='ocrx_word' id='word_1_160' title='bbox 1277 3188 1464 3237; x_wconf 90' lang='lat' dir='ltr'><strong>commune</strong></span> <span class='ocrx_word' id='word_1_161' title='bbox 1501 3169 1587 3236; x_wconf 86' lang='lat' dir='ltr'><strong>ville</strong></span> <span class='ocrx_word' id='word_1_162' title='bbox 1629 3168 1786 3255; x_wconf 88' lang='lat' dir='ltr'><strong>predicte</strong></span> <span class='ocrx_word' id='word_1_163' title='bbox 1828 3186 1916 3234; x_wconf 83' lang='lat' dir='ltr'><strong>vna-</strong></span> 
     </span>
     <span class='ocr_line' id='line_1_19' title="bbox 413 3297 1915 3389; baseline -0.004 -18"><span class='ocrx_word' id='word_1_164' title='bbox 413 3322 492 3371; x_wconf 90' lang='lat' dir='ltr'><strong>cum</strong></span> <span class='ocrx_word' id='word_1_165' title='bbox 529 3302 649 3389; x_wconf 82' lang='lat' dir='ltr'><strong>sigillo</strong></span> <span class='ocrx_word' id='word_1_166' title='bbox 678 3302 822 3368; x_wconf 87' lang='lat' dir='ltr'><strong>maioris</strong></span> <span class='ocrx_word' id='word_1_167' title='bbox 851 3302 1009 3369; x_wconf 87' lang='lat' dir='ltr'><strong>eiusdem</strong></span> <span class='ocrx_word' id='word_1_168' title='bbox 1037 3304 1122 3371; x_wconf 86' lang='lat' dir='ltr'><strong>ville</strong></span> <span class='ocrx_word' id='word_1_169' title='bbox 1151 3312 1206 3370; x_wconf 89' lang='lat' dir='ltr'><strong>est</strong></span> <span class='ocrx_word' id='word_1_170' title='bbox 1235 3320 1441 3388; x_wconf 85' lang='lat' dir='ltr'><strong>appensum.</strong></span> <span class='ocrx_word' id='word_1_171' title='bbox 1499 3300 1635 3368; x_wconf 86' lang='lat' dir='ltr'><strong>Datum</strong></span> <span class='ocrx_word' id='word_1_172' title='bbox 1663 3300 1760 3386; x_wconf 87' lang='lat' dir='ltr'><strong>apud</strong></span> <span class='ocrx_word' id='word_1_173' title='bbox 1795 3297 1915 3367; x_wconf 85' lang='lat' dir='ltr'><strong>West·</strong></span> 
     </span>
     <span class='ocr_line' id='line_1_20' title="bbox 410 3432 1914 3522; baseline -0.005 -14"><span class='ocrx_word' id='word_1_174' title='bbox 410 3440 662 3508; x_wconf 86' lang='lat' dir='ltr'><strong>monasterium</strong></span> <span class='ocrx_word' id='word_1_175' title='bbox 686 3438 855 3505; x_wconf 84' lang='lat' dir='ltr'><strong>vicesimo</strong></span> <span class='ocrx_word' id='word_1_176' title='bbox 878 3448 1004 3506; x_wconf 84' lang='lat' dir='ltr'><strong>octavo</strong></span> <span class='ocrx_word' id='word_1_177' title='bbox 1029 3438 1089 3505; x_wconf 89' lang='lat' dir='ltr'><strong>die</strong></span> <span class='ocrx_word' id='word_1_178' title='bbox 1112 3436 1335 3516; x_wconf 88' lang='lat' dir='ltr'><strong>Novembris,</strong></span> <span class='ocrx_word' id='word_1_179' title='bbox 1361 3437 1469 3504; x_wconf 88' lang='lat' dir='ltr'><strong>Anno</strong></span> <span class='ocrx_word' id='word_1_180' title='bbox 1495 3436 1597 3522; x_wconf 85' lang='lat' dir='ltr'><strong>regni</strong></span> <span class='ocrx_word' id='word_1_181' title='bbox 1622 3432 1740 3521; x_wconf 77' lang='lat' dir='ltr'><strong>Regis</strong></span> <span class='ocrx_word' id='word_1_182' title='bbox 1765 3432 1914 3502; x_wconf 88' lang='lat' dir='ltr'><strong>Henrici</strong></span> 
     </span>
    </p>
   </div>
   <div class='ocr_carea' id='block_1_4' title="bbox 410 3576 1211 3671">
    <p class='ocr_par' dir='ltr' id='par_1_4' title="bbox 410 3576 1211 3671">
     <span class='ocr_line' id='line_1_21' title="bbox 410 3576 1211 3671; baseline -0.001 -21"><span class='ocrx_word' id='word_1_183' title='bbox 410 3583 527 3668; x_wconf 88' lang='lat' dir='ltr'><strong>quarti</strong></span> <span class='ocrx_word' id='word_1_184' title='bbox 552 3591 637 3669; x_wconf 87' lang='lat' dir='ltr'><strong>post</strong></span> <span class='ocrx_word' id='word_1_185' title='bbox 660 3592 892 3666; x_wconf 87' lang='lat' dir='ltr'><strong>conquestum</strong></span> <span class='ocrx_word' id='word_1_186' title='bbox 917 3581 1055 3649; x_wconf 88' lang='lat' dir='ltr'><strong>decimo</strong></span> <span class='ocrx_word' id='word_1_187' title='bbox 1080 3576 1211 3671; x_wconf 78' lang='lat'>[¹40⁸]-</span> 
     </span>
    </p>
   </div>
   <div class='ocr_carea' id='block_1_5' title="bbox 411 3902 1922 4994">
    <p class='ocr_par' dir='ltr' id='par_1_5' title="bbox 412 3902 1922 4701">
     <span class='ocr_line' id='line_1_22' title="bbox 542 3902 1917 3991; baseline -0.001 -20"><span class='ocrx_word' id='word_1_188' title='bbox 542 3902 670 3972; x_wconf 88' lang='lat' dir='ltr'><strong>“Nota</strong></span> <span class='ocrx_word' id='word_1_189' title='bbox 698 3906 793 3991; x_wconf 86' lang='lat' dir='ltr'><strong>quod</strong></span> <span class='ocrx_word' id='word_1_190' title='bbox 822 3904 1048 3974; x_wconf 82' lang='lat' dir='ltr'><strong>Senescallus</strong></span> <span class='ocrx_word' id='word_1_191' title='bbox 1075 3915 1113 3973; x_wconf 89' lang='lat' dir='ltr'><strong>et</strong></span> <span class='ocrx_word' id='word_1_192' title='bbox 1144 3906 1374 3973; x_wconf 78' lang='lat' dir='ltr'><strong>marescallus</strong></span> <span class='ocrx_word' id='word_1_193' title='bbox 1402 3913 1465 3970; x_wconf 91' lang='lat' dir='ltr'><strong>aut</strong></span> <span class='ocrx_word' id='word_1_194' title='bbox 1494 3902 1641 3971; x_wconf 87' lang='lat' dir='ltr'><strong>clericus</strong></span> <span class='ocrx_word' id='word_1_195' title='bbox 1669 3903 1816 3972; x_wconf 86' lang='lat' dir='ltr'><strong>mercati</strong></span> <span class='ocrx_word' id='word_1_196' title='bbox 1843 3922 1917 3971; x_wconf 88' lang='lat' dir='ltr'><strong>non</strong></span> 
     </span>
     <span class='ocr_line' id='line_1_23' title="bbox 413 4044 1915 4128; baseline -0.001 -11"><span class='ocrx_word' id='word_1_197' title='bbox 413 4050 560 4117; x_wconf 77' lang='lat' dir='ltr'><strong>sedeant</strong></span> <span class='ocrx_word' id='word_1_198' title='bbox 583 4044 673 4114; x_wconf 77' lang='lat' dir='ltr'><strong>infla</strong></span> <span class='ocrx_word' id='word_1_199' title='bbox 696 4048 946 4115; x_wconf 85' lang='lat' dir='ltr'><strong>libertatem&#39;&#39;:</strong></span> <span class='ocrx_word' id='word_1_200' title='bbox 980 4068 1027 4115; x_wconf 90' lang='lat' dir='ltr'><strong>an</strong></span> <span class='ocrx_word' id='word_1_201' title='bbox 1056 4058 1193 4115; x_wconf 82' lang='lat' dir='ltr'><strong>extract</strong></span> <span class='ocrx_word' id='word_1_202' title='bbox 1220 4047 1312 4115; x_wconf 88' lang='lat' dir='ltr'><strong>from</strong></span> <span class='ocrx_word' id='word_1_203' title='bbox 1339 4049 1401 4113; x_wconf 85' lang='lat' dir='ltr'><strong>the</strong></span> <span class='ocrx_word' id='word_1_204' title='bbox 1429 4048 1570 4115; x_wconf 85' lang='lat' dir='ltr'><strong>charter</strong></span> <span class='ocrx_word' id='word_1_205' title='bbox 1595 4046 1638 4114; x_wconf 85' lang='lat' dir='ltr'><strong>of</strong></span> <span class='ocrx_word' id='word_1_206' title='bbox 1665 4045 1825 4115; x_wconf 86' lang='lat' dir='ltr'><strong>Richard</strong></span> <span class='ocrx_word' id='word_1_207' title='bbox 1853 4045 1915 4128; x_wconf 64' lang='lat'><strong>11,</strong></span> 
     </span>
     <span class='ocr_line' id='line_1_24' title="bbox 412 4184 1915 4278; baseline -0.001 -21"><span class='ocrx_word' id='word_1_208' title='bbox 412 4190 520 4257; x_wconf 86' lang='lat' dir='ltr'><strong>dated</strong></span> <span class='ocrx_word' id='word_1_209' title='bbox 559 4210 573 4255; x_wconf 88' lang='lat' dir='ltr'><strong>r</strong></span> <span class='ocrx_word' id='word_1_210' title='bbox 611 4187 729 4275; x_wconf 85' lang='lat' dir='ltr'><strong>April,</strong></span> <span class='ocrx_word' id='word_1_211' title='bbox 768 4188 847 4273; x_wconf 79' lang='lat' dir='ltr'><strong>roth</strong></span> <span class='ocrx_word' id='word_1_212' title='bbox 883 4207 969 4275; x_wconf 84' lang='lat' dir='ltr'><strong>year</strong></span> <span class='ocrx_word' id='word_1_213' title='bbox 1011 4188 1051 4257; x_wconf 83' lang='lat' dir='ltr'><strong>ol</strong></span> <span class='ocrx_word' id='word_1_214' title='bbox 1092 4188 1150 4255; x_wconf 87' lang='lat' dir='ltr'><strong>his</strong></span> <span class='ocrx_word' id='word_1_215' title='bbox 1196 4188 1299 4275; x_wconf 84' lang='lat' dir='ltr'><strong>reign</strong></span> <span class='ocrx_word' id='word_1_216' title='bbox 1346 4184 1467 4278; x_wconf 75' lang='lat'>[¹39⁶]</span> <span class='ocrx_word' id='word_1_217' title='bbox 1514 4198 1552 4255; x_wconf 90' lang='lat' dir='ltr'><strong>to</strong></span> <span class='ocrx_word' id='word_1_218' title='bbox 1591 4188 1654 4255; x_wconf 87' lang='lat' dir='ltr'><strong>the</strong></span> <span class='ocrx_word' id='word_1_219' title='bbox 1692 4186 1796 4256; x_wconf 81' lang='lat' dir='ltr'><strong>effect</strong></span> <span class='ocrx_word' id='word_1_220' title='bbox 1836 4188 1915 4256; x_wconf 81' lang='lat' dir='ltr'><strong>that</strong></span> 
     </span>
     <span class='ocr_line' id='line_1_25' title="bbox 412 4330 1916 4419; baseline -0.001 -19"><span class='ocrx_word' id='word_1_221' title='bbox 412 4336 474 4400; x_wconf 87' lang='lat' dir='ltr'><strong>the</strong></span> <span class='ocrx_word' id='word_1_222' title='bbox 509 4331 670 4401; x_wconf 71' lang='lat' dir='ltr'><strong>seward</strong></span> <span class='ocrx_word' id='word_1_223' title='bbox 710 4334 781 4399; x_wconf 86' lang='lat' dir='ltr'><strong>aod</strong></span> <span class='ocrx_word' id='word_1_224' title='bbox 822 4334 977 4400; x_wconf 85' lang='lat' dir='ltr'><strong>marshal</strong></span> <span class='ocrx_word' id='word_1_225' title='bbox 1016 4351 1057 4399; x_wconf 91' lang='lat' dir='ltr'><strong>or</strong></span> <span class='ocrx_word' id='word_1_226' title='bbox 1099 4334 1195 4401; x_wconf 84' lang='lat' dir='ltr'><strong>clerk</strong></span> <span class='ocrx_word' id='word_1_227' title='bbox 1238 4333 1280 4401; x_wconf 86' lang='lat' dir='ltr'><strong>of</strong></span> <span class='ocrx_word' id='word_1_228' title='bbox 1317 4334 1379 4400; x_wconf 89' lang='lat' dir='ltr'><strong>the</strong></span> <span class='ocrx_word' id='word_1_229' title='bbox 1421 4332 1560 4401; x_wconf 81' lang='lat' dir='ltr'><strong>market</strong></span> <span class='ocrx_word' id='word_1_230' title='bbox 1601 4330 1643 4400; x_wconf 80' lang='lat' dir='ltr'><strong>of</strong></span> <span class='ocrx_word' id='word_1_231' title='bbox 1679 4332 1743 4400; x_wconf 85' lang='lat' dir='ltr'><strong>the</strong></span> <span class='ocrx_word' id='word_1_232' title='bbox 1782 4332 1916 4419; x_wconf 79' lang='lat' dir='ltr'><strong>King&#39;s</strong></span> 
     </span>
     <span class='ocr_line' id='line_1_26' title="bbox 413 4465 1922 4563; baseline -0.002 -20"><span class='ocrx_word' id='word_1_233' title='bbox 413 4475 622 4544; x_wconf 84' lang='lat' dir='ltr'><strong>Household</strong></span> <span class='ocrx_word' id='word_1_234' title='bbox 665 4494 749 4563; x_wconf 90' lang='lat' dir='ltr'><strong>may</strong></span> <span class='ocrx_word' id='word_1_235' title='bbox 785 4485 849 4544; x_wconf 88' lang='lat' dir='ltr'><strong>not</strong></span> <span class='ocrx_word' id='word_1_236' title='bbox 886 4476 934 4545; x_wconf 86' lang='lat' dir='ltr'><strong>sit</strong></span> <span class='ocrx_word' id='word_1_237' title='bbox 978 4474 1102 4543; x_wconf 83' lang='lat' dir='ltr'><strong>within</strong></span> <span class='ocrx_word' id='word_1_238' title='bbox 1141 4474 1203 4541; x_wconf 85' lang='lat' dir='ltr'><strong>the</strong></span> <span class='ocrx_word' id='word_1_239' title='bbox 1240 4473 1398 4541; x_wconf 86' lang='lat' dir='ltr'><strong>liberties</strong></span> <span class='ocrx_word' id='word_1_240' title='bbox 1440 4471 1483 4540; x_wconf 84' lang='lat' dir='ltr'><strong>ol</strong></span> <span class='ocrx_word' id='word_1_241' title='bbox 1520 4474 1587 4541; x_wconf 82' lang='lat' dir='ltr'><strong>the</strong></span> <span class='ocrx_word' id='word_1_242' title='bbox 1621 4474 1700 4542; x_wconf 83' lang='lat' dir='ltr'><strong>said</strong></span> <span class='ocrx_word' id='word_1_243' title='bbox 1738 4483 1834 4542; x_wconf 79' lang='lat' dir='ltr'><strong>town</strong></span> <span class='ocrx_word' id='word_1_244' title='bbox 1879 4465 1922 4541; x_wconf 79' lang='lat' dir='ltr'><strong>oi</strong></span> 
     </span>
     <span class='ocr_line' id='line_1_27' title="bbox 415 4618 659 4701; baseline 0 -14"><span class='ocrx_word' id='word_1_245' title='bbox 415 4618 560 4701; x_wconf 86' lang='lat' dir='ltr'><strong>Brlstol,</strong></span> <span class='ocrx_word' id='word_1_246' title='bbox 592 4628 659 4687; x_wconf 84' lang='lat' dir='ltr'><strong>etc.</strong></span> 
     </span>
    </p>

    <p class='ocr_par' dir='ltr' id='par_1_6' title="bbox 411 4722 1915 4994">
     <span class='ocr_line' id='line_1_28' title="bbox 540 4722 1915 4853; baseline -0.001 -23"><span class='ocrx_word' id='word_1_247' title='bbox 540 4762 700 4843; x_wconf 74' lang='lat' dir='ltr'><strong>ennea</strong></span> <span class='ocrx_word' id='word_1_248' title='bbox 728 4762 815 4831; x_wconf 70' lang='lat' dir='ltr'><strong>wan</strong></span> <span class='ocrx_word' id='word_1_249' title='bbox 843 4760 1064 4844; x_wconf 69' lang='lat' dir='ltr'><strong>samaeas,</strong></span> <span class='ocrx_word' id='word_1_250' title='bbox 1094 4762 1131 4829; x_wconf 73' lang='lat' dir='ltr'><strong>in</strong></span> <span class='ocrx_word' id='word_1_251' title='bbox 1160 4722 1915 4853; x_wconf 64' lang='lat' dir='ltr'><strong>seyesctoeors,n0.x1xp.9³,</strong></span> 
     </span>
     <span class='ocr_line' id='line_1_29' title="bbox 411 4904 822 4994; baseline -0.002 -21"><span class='ocrx_word' id='word_1_252' title='bbox 411 4904 613 4994; x_wconf 78' lang='lat' dir='ltr'><strong>beginning</strong></span> <span class='ocrx_word' id='word_1_253' title='bbox 639 4905 711 4973; x_wconf 82' lang='lat' dir='ltr'><strong>lest</strong></span> <span class='ocrx_word' id='word_1_254' title='bbox 738 4904 822 4973; x_wconf 82' lang='lat' dir='ltr'><strong>lina.</strong></span> 
     </span>
    </p>
   </div>
   <div class='ocr_carea' id='block_1_6' title="bbox 1062 5092 1266 5146">
    <p class='ocr_par' dir='ltr' id='par_1_7' title="bbox 1062 5092 1266 5146">
     <span class='ocr_line' id='line_1_30' title="bbox 1062 5092 1266 5146; baseline -0.005 -1"><span class='ocrx_word' id='word_1_255' title='bbox 1062 5092 1073 5124; x_wconf 87' lang='lat'>¹</span> <span class='ocrx_word' id='word_1_256' title='bbox 1091 5092 1153 5146; x_wconf 70' lang='lat' dir='ltr'><strong>MS.</strong></span> <span class='ocrx_word' id='word_1_257' title='bbox 1164 5092 1266 5145; x_wconf 76' lang='lat' dir='ltr'><strong>fodent.</strong></span> 
     </span>
    </p>
   </div>
   <div class='ocr_carea' id='block_1_7' title="bbox 0 0 2501 6308">
    <p class='ocr_par' dir='ltr' id='par_1_8' title="bbox 0 0 2501 6308">
     <span class='ocr_line' id='line_1_31' title="bbox 0 0 2501 6308; baseline 0 0"><span class='ocrx_word' id='word_1_258' title='bbox 0 0 2501 6308; x_wconf 95' lang='lat' dir='ltr'><strong> </strong></span> 
     </span>
    </p>
   </div>
  </div>
 </body>
</html>
