4975 6309
570 783 644 855 230
861 758 958 851 ccc
982 759 1121 850 little
1146 757 1243 848 που
1268 758 1397 847 boot
1423 757 1474 845 ot
1497 756 1685 848 bretol.

567 972 605 1037 in
626 972 790 1040 omnibus
811 973 899 1040 locis
919 972 1088 1059 predictis
1109 971 1200 1039 infre
1221 971 1441 1058 procinctum
1461 970 1620 1055 ejusdem
1634 970 1730 1051 ville,
1745 979 1785 1036 ut
1798 968 1996 1055 predictum
2010 980 2076 1049 est,

567 1118 805 1177 arentatorum
850 1121 887 1176 et
923 1120 1053 1178 extunc
1097 1112 1383 1188 arentandorum‚
1427 1126 1579 1173 vnacum
1626 1106 1759 1175 finibus
1804 1126 1871 1192 pro
1914 1106 2077 1192 ingressu

566 1242 767 1326 hujusmodi
797 1251 1022 1325 assertorum,
1051 1252 1232 1311 vastorum
1261 1250 1299 1309 et
1334 1252 1640 1329 purpresturarum
1676 1243 1729 1311 sic
1764 1251 2006 1309 mentatomm
2040 1252 2077 1309 et

566 1380 849 1459 mentandorum,
893 1388 929 1445 et
964 1398 1044 1447 cum
1081 1378 1197 1461 curiis,
1234 1378 1371 1446 visibus
1405 1378 1519 1445 frenci
1554 1380 1678 1467 plegii,
1714 1379 1919 1459 hundredis,
1958 1379 2076 1445 wreko

566 1514 729 1582 videlicet
757 1536 891 1583 wrecco
925 1517 1034 1584 maris
1069 1527 1106 1583 et
1141 1536 1275 1584 wrecco
1309 1516 1436 1603 regali,
1473 1515 1585 1603 wayff
1614 1526 1651 1583 et
1686 1515 1816 1603 strcyff
1845 1524 1882 1582 et
1916 1514 2074 1600 piscibus

564 1652 745 1738 regalibus
774 1651 866 1719 infre
893 1653 1008 1721 dictos
1035 1652 1159 1720 viliam
1188 1662 1225 1719 et
1253 1654 1462 1721 comitatum
1492 1663 1528 1721 et
1561 1654 1847 1739 jurisdiccionem
1882 1652 2073 1718 eorundem

564 1787 807 1855 accidentibus
835 1808 879 1857 ac
907 1790 988 1857 aliis
1017 1790 1330 1859 consuenrdinibus
1358 1801 1395 1858 et
1424 1791 1591 1857 omnibus
1615 1790 1697 1857 eliis
1725 1790 1773 1856 ad
1808 1788 1905 1856 dicta
1939 1787 2073 1866 villam,

564 1924 781 2007 comitatum,
819 1926 987 1995 suburbia
1023 1937 1060 1994 et
1094 1928 1327 2013 procinctum,
1363 1946 1502 1993 necnon
1538 1938 1661 2009 terres,
1690 1934 1903 2006 tenementa,
1935 1926 2017 1991 ioca
2039 1932 2077 1989 et

563 2058 668 2126 feoda
702 2057 864 2145 predicte
902 2060 1202 2148 qualitercumque
1242 2072 1279 2130 et
1321 2062 1533 2149 ubicumque
1576 2072 1617 2130 vt
1658 2061 1855 2148 predictum
1898 2072 1954 2127 est
1997 2078 2077 2143 per·

563 2196 760 2263 tinentibus
804 2198 879 2263 siue
923 2199 1165 2268 accidentibus
1207 2202 1358 2268 durate
1400 2200 1552 2267 termino
1602 2199 1771 2287 predicto.
1837 2198 1886 2264 Et
1928 2198 2076 2263 interius

563 2334 803 2401 concessimus
833 2336 966 2403 eisdem
995 2335 1126 2425 Maiori
1153 2349 1190 2407 et
1219 2340 1476 2409 Communitati
1505 2349 1542 2407 et
1578 2338 1840 2407 successoribus
1875 2336 1950 2403 suis
1980 2336 2075 2422 quod

562 2471 633 2556 ipsi
676 2473 843 2553 habeant,
887 2475 1038 2543 durante
1081 2478 1231 2545 tennino
1278 2476 1448 2564 predicto,
1496 2475 1618 2543 omnia
1656 2473 1758 2556 fines,
1799 2471 2074 2558 redemptiones,

560 2608 680 2675 exitus
708 2593 915 2691 forisfsetos,
946 2614 1229 2696 amerciamenta,
1258 2612 1498 2681 forisfacturas
1523 2622 1560 2679 et
1580 2612 1654 2679 alie
1676 2609 1836 2697 proficue
1856 2626 2074 2696 quecumque

561 2744 601 2810 in
638 2744 824 2813 itineribus
867 2748 912 2813 de
950 2747 1092 2831 foresta,
1133 2771 1197 2817 seu
1239 2752 1383 2819 racione
1426 2749 1618 2817 eorundem
1662 2746 1843 2826 itinerum,
1888 2754 1965 2811 tam
2008 2764 2074 2829 pro

561 2882 845 2967 transgressione
873 2885 919 2951 de
947 2886 1052 2952 viridi
1078 2896 1115 2953 et
1142 2890 1337 2958 venacione
1366 2911 1475 2976 quem
1507 2910 1572 2976 pro
1605 2887 1735 2955 delicto
1767 2896 1804 2954 et
1841 2884 1958 2951 causis
1993 2882 2075 2949 eliis

562 3016 842 3105 quibuscumque
892 3022 1193 3111 qualitercumque
1235 3026 1485 3111 proveniencia
1526 3042 1590 3091 seu
1635 3020 1861 3108 emergencia
1904 3020 1942 3085 in
1989 3018 2076 3084 villa

564 3154 725 3239 predicta
752 3154 921 3239 Bristotl„
953 3178 1092 3227 necnon
1120 3162 1158 3229 in
1188 3164 1354 3230 omnibus
1380 3171 1419 3229 et
1448 3160 1601 3247 singulis
1636 3158 1727 3225 locis
1762 3168 1799 3224 et
1833 3155 1948 3222 feodis
1982 3151 2075 3218 infra

562 3292 783 3378 procinctum
814 3294 970 3379 ejusdem
999 3296 1083 3365 ville
1118 3308 1159 3367 ut
1186 3300 1385 3385 predictum
1413 3308 1479 3378 est,
1517 3296 1576 3364 Ita
1611 3296 1706 3381 quod
1742 3293 1849 3359 iidem
1885 3291 2004 3375 Major
2037 3298 2074 3355 et

567 3426 810 3497 Communitcs
838 3442 875 3497 et
903 3452 1123 3502 successores
1154 3437 1219 3518 sui,
1252 3438 1402 3504 dmante
1437 3434 1591 3501 termino
1625 3431 1795 3517 predicto,
1823 3430 1982 3495 habeant
2010 3444 2075 3511 per

566 3585 694 3633 manus
728 3566 941 3636 balliuorum
976 3580 1013 3637 et
1049 3570 1288 3641 ministrorum
1325 3592 1469 3641 suorum
1504 3569 1605 3651 fines,
1642 3565 1918 3652 redempciones‚
1955 3562 2074 3667 enims

566 3702 774 3783 forisfactos,
804 3706 1087 3791 emerciementa,
1117 3708 1355 3779 forisfacturas
1383 3721 1420 3777 et
1449 3708 1523 3775 alin
1550 3704 1708 3791 proficua
1735 3702 1895 3791 predicta
1927 3702 1976 3768 de
2003 3700 2075 3767 illis

567 3838 630 3924 qui
665 3838 702 3905 in
740 3848 777 3907 et
815 3842 860 3907 de
900 3844 987 3910 ville
1026 3844 1184 3914 Bristoll.
1221 3860 1259 3915 et
1295 3844 1472 3915 suburbiis
1508 3844 1678 3930 ejusdem,
1707 3841 1821 3921 terris,
1851 3838 2073 3917 tenementis,

567 3972 656 4041 locis
684 3986 721 4041 et
749 3975 862 4043 feodis
889 3978 1060 4063 predictis
1089 3982 1127 4049 in
1162 3983 1347 4068 procinctu
1382 3982 1468 4048 ville
1501 3980 1660 4067 predicte
1698 3977 1838 4055 fixerint,
1880 3973 2007 4043 Castro
2036 3982 2074 4039 et

565 4108 711 4177 fossatis
732 4110 890 4197 ejusdem
910 4111 1027 4182 Castri
1048 4118 1218 4203 exceptis,
1242 4139 1306 4206 per
1326 4126 1505 4185 exuamus
1525 4112 1806 4199 Justiciariorum
1827 4108 2072 4178 itinercncium

567 4246 615 4313 de
638 4244 769 4313 foreste
798 4257 835 4315 et
860 4250 941 4317 aliis
963 4252 1175 4337 Justiciariis
1193 4256 1332 4323 nostris
1355 4252 1604 4321 itinerantibus
1625 4261 1662 4317 et
1683 4250 1853 4317 heredum
1873 4256 2072 4315 nostrorum

571 4380 610 4447 in
647 4380 833 4449 itineribus
869 4383 955 4467 suis,
994 4386 1141 4455 eisdem¹
1176 4390 1320 4458 balliuis
1358 4398 1397 4457 et
1436 4388 1608 4457 ministris
1646 4386 1821 4455 dictorum
1854 4385 2004 4471 Maioris
2038 4393 2075 4450 et

570 4514 846 4587 Communitetis
885 4528 921 4587 et
958 4540 1198 4591 successorum
1235 4544 1378 4593 suorum
1419 4524 1570 4591 durante
1613 4521 1764 4591 termino
1799 4520 1958 4608 predicto
1992 4520 2077 4587 inde

570 4652 772 4721 liberandas
828 4655 958 4739 leuare,
1017 4660 1197 4748 percipere
1248 4670 1286 4727 et
1336 4662 1469 4729 babere
1523 4669 1683 4747 possum,
1727 4668 1764 4726 et
1807 4677 1932 4725 omnes
1974 4657 2076 4739 fines,

569 4790 846 4877 redemptiones,
875 4794 993 4864 entus
1031 4795 1228 4866 emfsaos
1268 4809 1306 4866 st
1337 4798 1622 4878 amoremne,
1647 4774 1899 4875 forisfacturas,
1934 4803 1973 4863 st
2008 4794 2080 4861 ma

568 4926 727 5013 proficua
754 4930 981 5017 predictade
1009 4934 1171 5022 illisqui
1199 4934 1329 5004 merim
1364 4936 1410 5003 de
1438 4947 1474 5003 et
1510 4935 1550 5002 in
1588 4934 1686 5002 dicta
1723 4932 1812 5001 villu
1846 4931 2004 5000 Bristoll.
2040 4941 2079 4997 et

1213 5104 1442 5175 *usqum
