4975 6309
707 760 805 852 ube
828 758 968 849 little
992 758 1090 851 neo
1114 760 1242 851 Book
1269 760 1322 851 of
1349 759 1538 852 anatot.
1808 777 1876 864 167

371 972 464 1041 inira
488 972 709 1059 procimum
732 972 818 1039 ville
842 972 999 1059 predicte
1024 971 1204 1039 Bristollie
1226 972 1515 1058 provenientibus
1537 975 1613 1043 sive
1636 977 1879 1049 accidentibus

371 1130 452 1178 curn
481 1110 646 1179 omnibus
680 1111 728 1177 ad
762 1131 807 1177 ea
843 1110 1146 1197 qualitercumque
1183 1121 1220 1177 et
1257 1112 1471 1198 ubicumque
1510 1122 1551 1178 ut
1587 1116 1785 1200 predictum
1823 1129 1879 1186 est

371 1246 642 1332 pertinentibus.
702 1245 751 1313 Et
786 1245 899 1313 eciam
928 1246 1025 1331 quod
1054 1244 1162 1313 iidem
1190 1245 1310 1314 Maior
1337 1258 1373 1314 et
1402 1246 1648 1318 communitas
1676 1261 1714 1318 et
1741 1274 1880 1323 succes-

371 1404 469 1452 sores
512 1386 569 1453 sui
611 1386 780 1467 habeant,
822 1386 973 1453 durante
1011 1385 1088 1452 vita
1126 1394 1261 1465 nostre,
1298 1387 1420 1454 omnia
1458 1386 1560 1469 fines,
1603 1394 1880 1481 redemptiones,

370 1522 488 1589 exitrrs
515 1521 728 1602 forisfactos,
751 1522 1038 1602 amerciaments,
1060 1521 1311 1601 forisfacturas,
1333 1532 1371 1590 et
1392 1521 1465 1591 alia
1484 1522 1642 1609 proficua
1661 1549 1883 1621 quecumque
1980 1554 1991 1567 ·

371 1660 409 1727 in
438 1660 622 1727 itineribus
650 1660 696 1727 de
723 1659 855 1761 foresta
884 1678 947 1725 seu
975 1659 1117 1726 racione
1145 1660 1348 1725 eorumdem
1378 1659 1554 1741 itinerum,
1582 1672 1657 1731 tam
1678 1686 1744 1751 pro
1766 1677 1883 1735 ms.

370 1796 616 1885 gressionibus
645 1797 691 1863 de
720 1796 824 1862 viridi
861 1805 898 1862 et
933 1795 1126 1861 venacione
1163 1816 1270 1880 quam
1306 1814 1372 1881 pro
1407 1795 1538 1864 delicto
1573 1808 1611 1865 et
1646 1802 1765 1870 causis
1799 1805 1883 1871 aliis

371 1934 661 2020 quibuscumque,
702 1930 1005 2017 qualitercumque
1047 1930 1297 2017 proveniencia
1340 1952 1405 1999 seu
1446 1912 1674 2022 emergentia
1713 1940 1753 2007 in
1794 1942 1883 2009 villa

370 2070 530 2155 predicta
564 2069 735 2150 Bristoll.,
771 2090 910 2138 necnon
946 2070 984 2137 in
1020 2070 1186 2137 omnibus
1222 2081 1260 2137 et
1288 2071 1441 2160 singulis
1470 2075 1559 2143 locis
1585 2086 1625 2143 et
1651 2075 1764 2143 feodis
1791 2076 1884 2145 infra

369 2206 589 2291 procinctum
626 2205 787 2273 eiusdem
822 2206 908 2271 ville
947 2217 987 2271 ut
1015 2204 1212 2291 predictum
1241 2216 1309 2273 est.
1353 2205 1413 2275 Ita
1439 2212 1536 2295 quod
1564 2211 1673 2279 iidem
1701 2211 1819 2279 Maior
1846 2224 1883 2281 et

371 2338 615 2407 Communitas
643 2347 679 2406 et
708 2359 929 2407 successores
958 2340 1025 2420 sui,
1054 2341 1205 2408 durante
1234 2342 1310 2409 vita
1337 2352 1470 2440 nostra,
1492 2346 1650 2415 habeant
1669 2368 1735 2434 per
1755 2369 1883 2417 manus

370 2477 579 2544 ballivorum
609 2486 646 2544 et
674 2474 917 2545 ministrorum
946 2498 1089 2544 suorum
1110 2475 1212 2558 fines,
1234 2480 1510 2566 redempciones,
1531 2484 1650 2552 exitus
1669 2484 1880 2572 hnsfanos,

371 2614 654 2695 amerciamenta,
683 2612 927 2681 forisfacturas
960 2624 997 2681 et
1025 2614 1097 2681 alia
1125 2613 1284 2701 proficua
1310 2617 1472 2702 predicta
1495 2619 1541 2686 de
1565 2620 1638 2688 illis
1673 2579 1737 2708 qui
1771 2624 1811 2690 in
1845 2634 1883 2691 st

370 2752 530 2819 devilia
558 2751 718 2819 Bristoll.
748 2761 786 2817 et
822 2752 1004 2819 suburbiis
1042 2752 1212 2834 eiusdem,
1241 2754 1421 2837 maneriis,
1448 2756 1563 2837 terris,
1599 2759 1812 2826 tenementis
1846 2771 1885 2827 et
2015 2850 2026 2857 ἰ

371 2888 451 2955 aliis
479 2889 568 2957 locis
603 2899 640 2957 et
674 2888 789 2973 feodis
826 2888 995 2975 predictis
1035 2888 1127 2955 infra
1165 2890 1386 2975 procinctum
1422 2892 1508 2962 ville
1547 2898 1705 2982 predicte
1742 2899 1883 2982 firerint,

372 3030 496 3095 Castro
533 3039 570 3095 et
597 2996 745 3095 fossatis¹
770 3026 928 3131 eiusdem
958 3024 1075 3093 Castri
1106 3026 1277 3111 exceptis,
1302 3046 1366 3112 per
1393 3038 1573 3098 exhactas
1600 3034 1883 3117 Justiciariorum

370 3165 615 3231 itinerancium
645 3165 690 3231 de
718 3164 860 3233 forestis
891 3174 928 3231 et
953 3163 1102 3229 aliorum
1131 3161 1414 3247 Justiciariorum
1444 3166 1691 3236 itinerancium
1723 3179 1884 3238 metuen-

370 3301 508 3368 dissimi
536 3300 672 3368 domini
697 3300 769 3367 mei
798 3300 915 3387 Regis
943 3310 980 3366 et
1008 3300 1177 3367 heredum
1209 3320 1352 3368 suorum
1383 3301 1422 3367 in
1444 3302 1630 3370 itineribus
1651 3304 1726 3371 suis
1747 3306 1883 3374 eisdem

369 3439 513 3507 ballivis
541 3448 579 3504 et
606 3404 779 3505 ministris
807 3438 980 3505 dictorum
1010 3435 1159 3504 Maioris
1188 3445 1225 3504 et
1259 3435 1533 3506 Communitatis
1567 3450 1605 3508 et
1640 3460 1882 3510 successorum

370 3592 513 3644 suorum
542 3576 589 3643 ad
616 3584 729 3642 totam
759 3574 870 3641 vitam
906 3580 1064 3640 nostram
1107 3572 1190 3637 inde
1225 3572 1429 3639 hberandas
1464 3574 1595 3656 levare,
1630 3577 1811 3663 percipere
1846 3589 1884 3645 et

369 3715 501 3781 habere
550 3722 712 3799 possunt,
765 3721 802 3778 et
851 3728 977 3775 omnes
1027 3706 1130 3788 fines,
1182 3708 1458 3794 redemptiones,
1503 3710 1623 3779 exitus
1672 3674 1884 3797 iorisfactos,

370 3850 655 3932 amerciamenta,
684 3846 925 3915 forisfacturas
953 3856 990 3913 et
1019 3846 1092 3911 alia
1120 3851 1278 3930 prohcua
1306 3846 1467 3931 predicta
1495 3848 1541 3913 de
1569 3848 1642 3915 illis
1670 3850 1733 3935 qui
1752 3849 1885 3918 firerint

368 3986 413 4053 de
441 3986 545 4053 etin
573 3986 670 4053 dicta
696 3984 785 4051 villa
812 3984 969 4049 Bristoll.
999 3992 1035 4049 et
1064 3983 1260 4050 surburbiis
1297 3982 1467 4063 eiusdem,
1506 3992 1547 4050 ut
1583 3984 1781 4071 predictum
1817 3994 1884 4067 est,

370 4142 508 4191 necnon
527 4122 706 4205 dominiis,
728 4120 906 4199 maneriis,
926 4119 1045 4209 terris,
1067 4119 1290 4200 tenementis,
1308 4120 1397 4187 locis
1416 4129 1454 4187 et
1471 4118 1584 4188 feodis
1605 4120 1774 4208 predictis
1791 4121 1885 4189 infra

368 4261 588 4349 mocincmm
624 4259 781 4327 eiusdem
818 4258 903 4327 ville
934 4256 1116 4325 Bristollie
1146 4266 1182 4323 et
1211 4257 1380 4323 suburbia
1416 4257 1574 4325 eiusdem
1610 4267 1652 4325 ut
1686 4258 1883 4345 predictam

370 4408 424 4465 est
452 4398 610 4464 habeant
637 4406 674 4462 et
701 4395 901 4481 percipiant
930 4394 977 4459 ad
1006 4393 1221 4460 scaccarium
1258 4394 1408 4479 predicti
1441 4395 1724 4462 metuendissimi
1748 4396 1885 4463 domini

369 4538 440 4603 mei
470 4537 588 4623 Regis
620 4544 657 4601 et
688 4534 857 4600 heredum
896 4550 1038 4597 suorum
1075 4549 1140 4617 per
1175 4549 1303 4597 manus
1341 4530 1561 4597 vicecomitis
1598 4540 1636 4597 et
1671 4532 1885 4599 ballivorum

370 4676 575 4742 libertatum
617 4672 655 4739 in
696 4688 844 4758 quorum
886 4665 1031 4735 ballivis
1065 4664 1196 4734 fuerint
1233 4667 1325 4733 sicut
1359 4667 1540 4753 predictus
1576 4668 1889 4736 metuendissimus

372 4812 536 4881 dominus
564 4828 665 4877 meus
696 4808 781 4875 Rex
813 4814 850 4873 et
886 4804 1036 4871 heredes
1071 4803 1128 4871 sui
1163 4804 1386 4890 perciperent
1421 4805 1453 4869 si
1489 4803 1536 4869 ad
1572 4805 1691 4891 ipsum
1727 4814 1889 4875 nemen.

371 4950 557 5016 dissimum
584 4946 767 5013 dominum
800 4960 918 5009 meum
951 4940 1091 5027 Regem
1130 4952 1167 5009 et
1202 4941 1351 5008 heredes
1387 4961 1472 5008 suos
1507 4942 1686 5027 pertinere
1721 4952 1889 5030 potenrnt

371 5087 449 5155 sine
486 5084 673 5152 occasione
711 5082 770 5148 vel
814 5077 1068 5165 impedimento
1113 5077 1267 5165 predicti
1311 5076 1594 5147 metuendissimi
1636 5080 1773 5148 domini
1814 5080 1887 5147 mei
