4975 6309
639 750 710 821 1⁶6
971 742 1066 835 tbc
1091 739 1229 831 little
1254 742 1353 831 lico
1377 742 1505 833 Boot
1531 741 1582 831 ot
1611 739 1798 833 πάθεσι

634 954 791 1026 Bristoll.
821 965 858 1024 et
886 956 1065 1025 suburbiis
1093 958 1252 1025 eiusdem
1279 958 1338 1023 vel
1367 956 1449 1023 aliis
1476 956 1565 1023 locis
1593 965 1631 1023 et
1663 954 1778 1025 leodis
1805 956 1963 1043 predicte
1990 959 2075 1025 ville
2102 968 2142 1025 et

632 1090 835 1177 procinctus
869 1093 1038 1175 eiusdem,
1068 1092 1194 1161 Castro
1222 1102 1261 1161 et
1287 1091 1432 1161 fossatis
1466 1092 1623 1159 eiusdem
1660 1091 1777 1160 Cestri
1807 1094 1977 1180 exceptis,
2007 1094 2044 1160 in
2074 1095 2142 1161 rdi-

634 1229 764 1313 quibus
792 1230 1062 1298 execucionibus
1094 1249 1159 1317 pro
1188 1230 1278 1317 ipsis
1308 1230 1442 1315 majore
1468 1237 1506 1296 et
1534 1229 1787 1331 communitate
1814 1239 1852 1296 et
1880 1231 2143 1298 suoeessoribus

635 1364 710 1431 suis
735 1366 781 1431 ad
806 1374 919 1432 totam
947 1366 1057 1433 vitem
1087 1375 1245 1433 nostram
1272 1385 1337 1453 per
1360 1365 1483 1432 brevia
1506 1366 1582 1432 sive
1607 1365 1778 1433 mandata
1801 1364 1952 1453 predicti
1981 1376 2141 1433 metuen-

635 1502 773 1569 dissimi
800 1502 936 1570 domini
963 1504 1034 1570 mei
1070 1504 1186 1591 Regis
1214 1506 1271 1571 vel
1304 1504 1473 1569 heredum
1502 1522 1644 1569 suorum
1680 1511 1743 1569 eut
1771 1501 1898 1589 quovis
1926 1503 1999 1570 elio
2034 1504 2142 1569 modo

635 1636 806 1705 faciendis
834 1636 963 1705 luerint
991 1639 1215 1726 negligentes
1246 1640 1304 1707 vel
1339 1638 1487 1719 remissi,
1524 1658 1589 1726 per
1623 1639 1718 1725 quod
1753 1638 1852 1724 ipsos
1887 1638 1926 1705 in
1962 1639 2140 1706 scaccario

635 1774 785 1859 predicti
813 1776 1093 1843 metuendissimi
1122 1777 1257 1845 domini
1286 1778 1355 1844 mei
1386 1778 1503 1863 Regis
1530 1778 1589 1843 vel
1617 1777 1785 1842 heredum
1812 1795 1956 1843 suorum
1978 1778 2036 1843 vel
2060 1775 2143 1843 aliis

636 1912 746 1981 curiis
776 1912 926 1999 predicti
953 1913 1089 1981 domini
1117 1914 1188 1980 mei
1219 1914 1336 2001 Regis
1364 1912 1555 2002 contigerit
1582 1912 1766 1979 amerciari
1793 1914 1851 1979 vel
1886 1910 1977 1979 fines
2012 1912 2140 1993 facere,

635 2052 729 2137 quod
763 2048 853 2118 fines
881 2060 918 2119 et
947 2049 1221 2119 amercismenta
1250 2050 1314 2117 illo
1342 2050 1414 2117 sint
1443 2050 1600 2136 ipsomm
1628 2048 1774 2117 maioris
1800 2058 1838 2115 et
1874 2050 2140 2118 communitatis

634 2202 670 2257 et
706 2208 945 2257 successorum
982 2208 1124 2257 suorum
1160 2189 1207 2255 ad
1243 2199 1356 2255 totam
1392 2190 1503 2255 vitam
1542 2200 1701 2257 nostram
1742 2196 1780 2254 et
1820 2187 1867 2254 ad
1906 2208 1997 2273 opus
2037 2207 2140 2256 suum

549 2412 551 2417 A
634 2328 803 2393 leventur.
863 2326 912 2393 Et
955 2328 1050 2412 quod
1094 2325 1201 2393 iidem
1247 2326 1361 2392 maior
1399 2337 1437 2391 et
1475 2328 1711 2394 communitas
1749 2334 1788 2393 et
1826 2344 2047 2393 successores
2087 2327 2143 2393 sui

636 2473 781 2529 teneant
816 2462 1010 2547 predictam
1046 2459 1168 2528 villam
1204 2460 1364 2527 Bristoll.
1404 2481 1483 2527 cum
1520 2462 1698 2529 suburbiis
1729 2462 1898 2543 eiusdem,
1928 2473 2142 2553 tenements,

635 2600 716 2666 loca
739 2608 776 2665 et
798 2598 900 2665 feoda
925 2598 1084 2685 predicte
1109 2614 1328 2684 quecumque
1349 2595 1441 2662 infra
1462 2598 1682 2681 procinctum
1703 2598 1861 2665 eiusdem
1883 2600 1969 2667 ville
1989 2620 2142 2668 unacum

635 2732 748 2801 feodis
783 2734 946 2814 militurn,
980 2734 1275 2801 advocationibus
1305 2733 1487 2799 domorum
1523 2730 1780 2817 religiosarum,
1813 2730 2053 2817 hospitalium,
2083 2752 2141 2799 ec-

636 2868 831 2951 clesiarum,
859 2870 1084 2956 capellarum,
1107 2870 1246 2949 wardis,
1271 2868 1468 2955 maritagiis
1485 2870 1531 2933 de
1555 2867 1721 2935 omnibus
1743 2868 1957 2949 tenentibus,
1982 2868 2141 2935 residen-

637 3005 733 3072 tibus
758 3015 795 3073 et
817 3026 890 3072 non
914 3006 1160 3087 residentibus,
1185 3016 1260 3071 tem
1283 3006 1329 3070 de
1354 3024 1425 3069 non
1450 3004 1599 3091 integris
1621 3005 1825 3072 tenentibus
1850 3026 1958 3091 quem
1981 3006 2141 3092 integris,

637 3144 681 3207 de
702 3140 862 3227 predicte
891 3140 976 3209 villa
1005 3142 1161 3209 Bristoll.
1191 3151 1228 3207 et
1256 3140 1435 3207 suburbiis
1463 3142 1633 3226 ejusdem,
1662 3142 1775 3222 terris,
1804 3144 2028 3220 tenementis,
2054 3140 2144 3207 locis

637 3289 674 3345 et
708 3277 821 3345 feodis
853 3280 1022 3365 predictis
1050 3282 1215 3348 omnibus
1243 3290 1281 3347 et
1317 3280 1470 3368 singulis
1498 3280 1591 3347 infre
1618 3282 1837 3368 procinctum
1872 3282 1958 3349 ville
1984 3282 2143 3367 predicte

635 3426 676 3513 ut
711 3416 908 3503 predictum
944 3430 999 3485 est
1035 3418 1117 3487 licet
1154 3420 1260 3485 iidem
1297 3428 1460 3485 tenentes
1495 3418 1542 3484 de
1571 3419 1862 3486 metuendissimo
1890 3418 2034 3485 domino
2062 3437 2144 3485 meo

485 3600 491 3613 .
537 3602 543 3615 .
636 3553 740 3641 Rege
770 3555 857 3622 alibi
885 3564 1030 3621 teneant
1058 3556 1096 3621 in
1125 3554 1243 3641 capite
1271 3564 1311 3621 ut
1343 3556 1389 3622 de
1418 3574 1550 3622 corona
1576 3557 1635 3622 vel
1670 3556 1743 3622 elio
1780 3556 1897 3634 modo,
1926 3555 2032 3621 simul
2061 3574 2142 3621 cum

443 4768 528 4819 Nom
544 4780 583 4821 ns

429 4831 544 4885 Wmo
560 4846 597 4886 ur

460 4897 564 4950 WAn·

634 3691 763 3772 boscis,
784 3711 976 3773 warennes,
998 3690 1105 3771 feriis,
1127 3693 1303 3772 mercatis,
1326 3692 1439 3777 equis,
1460 3692 1612 3778 ripariis,
1634 3692 1713 3771 viis,
1727 3690 1901 3779 piscariis,
1916 3690 2137 3769 communiis,

635 3828 789 3909 assertis,
832 3828 946 3895 vestis
988 3838 1025 3895 et
1060 3828 1308 3913 purpresturis,
1345 3848 1388 3895 ec
1425 3828 1538 3895 eciam
1567 3827 1852 3895 erentscionibus
1879 3836 1917 3893 et
1945 3826 2142 3894 redditibus

636 3981 933 4049 quorumcumque
959 3972 1182 4043 assertor-um,
1208 3974 1393 4038 vastorum
1417 3974 1454 4031 et
1478 3972 1797 4051 purpresturarum,
1822 3971 1897 4029 tam
1925 3960 2144 4046 temporibus

636 4099 900 4186 progenitorum
923 4099 1072 4186 predicti
1098 4100 1378 4167 metuendissimi
1403 4102 1539 4170 domini
1565 4100 1637 4167 mei
1659 4099 1775 4187 Regis
1795 4100 1976 4186 quondam
1997 4098 2143 4184 Regum

635 4234 780 4321 Anglie,
806 4254 913 4321 quam
935 4235 1217 4303 metuendissimi
1236 4237 1372 4304 domini
1392 4240 1464 4305 mei
1489 4238 1605 4325 Regis
1626 4238 1665 4304 in
1685 4236 1850 4304 omnibus
1866 4236 1954 4303 locis
1974 4234 2143 4322 predictis

637 4368 729 4434 inira
756 4368 973 4455 procinctum
999 4368 1156 4436 eiusdem
1182 4372 1266 4439 ville
1287 4373 1469 4442 Bristollie
1490 4385 1530 4442 ut
1550 4374 1747 4461 predictum
1768 4383 1824 4440 est
1844 4380 2083 4439 erentatorum
2105 4380 2144 4438 et

636 4525 775 4573 exnunc
800 4506 1083 4586 erentundorum,
1102 4527 1252 4575 unacum
1273 4508 1405 4577 finibus
1424 4532 1490 4597 pro
1511 4513 1674 4599 ingressu
1692 4510 1893 4578 huiusmodi
1915 4519 2140 4589 assertorum,

637 4653 817 4711 vastorum
844 4653 881 4711 et
909 4654 1212 4732 purprssturarum
1242 4646 1294 4711 sic
1323 4656 1561 4715 arentatorum
1592 4668 1657 4715 seu
1684 4646 1969 4727 arentandorum,
1997 4655 2035 4712 et
2062 4664 2143 4711 cum

639 4782 755 4863 curiis,
777 4782 913 4849 visibus
933 4782 1045 4851 franci
1066 4784 1187 4871 plegii,
1210 4784 1414 4866 hundredis,
1436 4784 1702 4872 wapentachiis,
1717 4784 1835 4851 wreko
1855 4793 1893 4851 et
1913 4782 2016 4870 ways,
2038 4782 2145 4869 pisci·

641 4921 709 4985 bus
740 4920 921 5007 regalibus
942 4932 978 4987 et
1000 4920 1081 4989 aliis
1103 4920 1419 4989 consuetudinibus
1440 4942 1484 4990 ac
1504 4922 1670 4989 omnibus
1691 4920 1774 4988 aliis
1795 4920 1842 4986 ad
1863 4920 1996 4987 dictem
2020 4918 2143 4986 villum

639 5055 798 5125 Bristoll.
829 5064 865 5123 et
894 5056 1062 5123 suburbia
1090 5056 1260 5138 eiusdem,
1287 5068 1409 5141 terras,
1440 5067 1654 5136 tenementa,
1683 5057 1763 5125 loca
1787 5065 1824 5124 et
1852 5056 1957 5125 feoda
1984 5056 2144 5142 predicis
