4975 6309
552 815 595 885 14
885 788 981 879 (tte
1005 788 1143 877 Mttle
1168 790 1266 880 heo
1290 789 1419 880 Boot
1445 788 1495 878 ot
1525 787 1712 879 aristot.

543 1002 671 1068 Abbas
686 1001 800 1068 sancti
814 1002 1010 1087 Augustini
1027 1004 1132 1089 juxta
1154 1004 1312 1071 Bristoll.
1327 1003 1434 1069 debet
1447 1012 1581 1069 sectam
1604 1023 1669 1089 pro
1681 1006 1837 1089 quodam
1852 1016 2053 1079 tenemento

630 1136 667 1201 in
682 1138 850 1203 suburbio
864 1138 1046 1205 Bristollie
1060 1142 1155 1225 quod
1169 1140 1351 1224 Johannes
1365 1137 1529 1205 Kenefelr
1543 1138 1733 1205 inhabitat.

541 1273 667 1339 Abbas
682 1276 726 1339 de
749 1274 979 1361 Keynesham
999 1278 1104 1343 debet
1126 1288 1259 1343 sectam
1282 1276 1521 1362 proquodam
1543 1285 1745 1344 tenemento
1767 1278 1806 1343 in
1827 1278 2050 1371 Radeclyve·

628 1421 715 1477 stret
729 1413 767 1477 in
782 1414 914 1498 angulo
929 1413 1029 1479 iuxta
1044 1414 1158 1480 vicum
1175 1435 1244 1499 quo
1260 1414 1331 1479 itur
1343 1432 1467 1479 versus
1480 1413 1597 1478 vicum
1614 1412 1740 1480 Sancti
1754 1414 1901 1483 Thome.

540 1549 642 1615 Prior
667 1550 712 1615 de
737 1548 886 1635 Farleye
912 1552 1017 1615 debet
1043 1560 1175 1617 sectam
1202 1570 1267 1636 pro
1293 1550 1447 1635 quodam
1473 1558 1675 1616 tenemento
1703 1550 1741 1616 in
1769 1565 1924 1621 mercato
1950 1556 2051 1622 iuxta

625 1694 764 1770 portam
781 1685 922 1751 Lafford
937 1690 1031 1773 quod
1045 1687 1227 1771 Johannes
1242 1687 1426 1773 Skreueyn
1440 1684 1630 1752 inhabitat.

538 1819 715 1906 Magister
748 1822 873 1889 domus
913 1826 1027 1890 sancti
1053 1826 1166 1892 Marci
1193 1828 1238 1891 de
1262 1824 1486 1911 Bylleswyke
1511 1824 1618 1889 debet
1644 1835 1779 1891 sectam
1804 1846 1870 1911 pro
1895 1828 2048 1914 quodam

626 1966 826 2025 tenemento
841 1960 878 2024 in
893 1960 1118 2027 Bradestrete
1133 1966 1227 2048 quod
1242 1961 1424 2029 Walterus
1437 1960 1483 2025 de
1497 1960 1693 2046 Frompton
1708 1961 1897 2031 inhabitat

537 2092 733 2162 Mauricius
746 2098 790 2162 de
810 2097 1003 2186 Berkeleye
1018 2100 1123 2166 debet
1146 2110 1279 2165 sectam
1299 2118 1364 2183 pro
1379 2098 1532 2183 quodam
1547 2106 1750 2166 tenemento
1771 2100 1810 2166 in
1832 2100 1991 2169 Bristoll.
2008 2103 2046 2169 in

624 2232 702 2299 vico
717 2234 821 2299 beate
835 2235 950 2302 Marie
963 2237 1058 2321 quod
1073 2238 1253 2322 quondam
1266 2236 1448 2301 Waltems
1463 2232 1568 2320 Goby
1583 2233 1808 2303 inhabitavit

537 2368 718 2437 Robertus
739 2371 890 2458 Prentys
910 2372 1015 2438 debet
1038 2383 1169 2438 sectam
1191 2373 1423 2456 proquodam
1445 2379 1648 2437 tenemento
1670 2370 1708 2436 in
1731 2370 2044 2459 Redeclyvestrete

623 2508 719 2592 quod
734 2506 896 2574 Clemens
912 2506 1098 2594 Skynnere
1113 2508 1340 2574 inhabitavit.

536 2643 663 2710 Abbas
694 2644 739 2710 de
775 2644 948 2731 Flexlegh
980 2646 1086 2712 debet
1119 2656 1252 2711 sectam
1288 2663 1353 2730 pro
1388 2663 1460 2709 uno
1495 2653 1699 2709 tenemento
1736 2642 1773 2710 in
1812 2644 1970 2712 Bristoli.
2003 2646 2042 2711 in

623 2777 893 2865 Wynchestrete
908 2781 1002 2865 quod
1016 2778 1196 2862 Johannes
1211 2780 1316 2845 Kene
1335 2778 1523 2845 inhabitat.

535 2920 717 3003 Johannes
730 2920 776 2986 de
790 2932 913 2987 sancto
935 2920 1058 2986 Laudo
1072 2921 1178 2986 debet
1197 2928 1330 2985 sectam
1352 2938 1417 3003 pro
1431 2920 1585 3003 quodam
1599 2926 1803 2985 tenemento
1824 2918 1863 2984 in
1883 2918 2041 2987 Bristoll.

624 3054 661 3120 in
676 3053 915 3142 Redynglane
929 3055 1023 3143 quod
1038 3055 1219 3122 Robertus
1235 3056 1419 3141 Lemystre
1433 3055 1622 3121 inhabitat.

623 3198 805 3279 Johannes
822 3196 916 3264 Viell

386 3336 393 3351 .
439 3336 445 3351 .
536 3282 716 3366 Johannes
740 3285 784 3349 de
805 3284 924 3350 Acton
946 3285 1048 3351 miles
1072 3285 1178 3351 debet
1198 3294 1332 3351 sectam
1353 3284 1598 3368 proquodam
1624 3290 1828 3351 tenemento
1850 3284 1982 3351 situato
2005 3284 2043 3351 in

623 3419 780 3485 Bristoll.
796 3420 896 3486 iuxta
909 3423 944 3489 le
958 3422 1180 3508 Blyndeyate
1194 3421 1289 3506 quod
1304 3420 1485 3487 Robertus
1499 3426 1576 3486 atte
1595 3418 1713 3486 Walle
1727 3429 1836 3488 tenet.

536 3558 717 3642 Johannes
731 3562 777 3627 de
791 3572 915 3629 sancto
931 3563 1053 3629 Laudo

536 3646 742 3714 bauramites
768 3649 815 3715 rie
838 3650 981 3735 Lyeffl
1002 3652 1107 3716 debet
1126 3660 1258 3715 sectam
1284 3667 1349 3733 pro
1370 3657 1572 3715 tenemento
1593 3648 1726 3715 situato
1747 3667 1854 3735 super
1876 3649 1912 3715 le
1934 3649 2042 3718 Were

623 3791 718 3874 quod
732 3788 912 3857 Walterus
926 3792 971 3857 de
985 3791 1127 3857 Bakton
1143 3791 1332 3856 inhabitat.

535 3922 710 4010 Magister
738 3923 904 4011 Rogerus
932 3928 966 3992 le
990 3926 1124 4013 Whyte
1149 3927 1256 3993 debet
1278 3936 1410 3992 sectam
1437 3944 1503 4012 pro
1531 3926 1687 4011 quodam
1713 3934 1916 3993 tenemento
1946 3926 2041 4012 quod

622 4060 800 4127 inhabitat
815 4081 922 4147 super
937 4062 1092 4150 Kayam.

533 4202 641 4271 Later
676 4205 855 4272 additions
889 4216 927 4271 to
963 4206 1025 4272 the
1060 4206 1174 4271 above
1210 4214 1334 4289 entryr
1379 4210 1402 4241 ‘⁴
1413 4202 1616 4270 Willelmus
1648 4204 1824 4283 Hamme;
1861 4204 2043 4273 walterus

621 4340 834 4428 Frompton;
860 4341 1042 4425 Jobannes
1053 4340 1139 4409 Sloo
1151 4338 1219 4431 [et]
1236 4340 1440 4425 Margareta
1454 4359 1545 4406 uxor
1553 4340 1630 4406 eius
1645 4359 1709 4425 pro
1721 4340 1860 4408 duabus
1869 4338 2042 4427 partibus,

621 4477 777 4545 Thomas
803 4478 1031 4564 Cheppenam
1051 4479 1096 4545 de
1121 4477 1294 4545 Hereford
1309 4474 1378 4567 [et]
1395 4476 1600 4563 Margareta
1624 4496 1716 4543 uxor
1739 4478 1817 4544 eius
1842 4498 1908 4563 pro
1932 4478 2044 4545 tercia

622 4616 758 4701 parte.''

533 4754 668 4911 3013
667 4752 886 4911 Qvo
907 4844 1013 4909 debet
1028 4852 1161 4908 sectam
1183 4860 1248 4925 pro
1264 4849 1465 4907 tenemento
1479 4840 1660 4925 quondam
1682 4838 1834 4909 Roberti
1854 4838 1984 4929 Gyben
2004 4840 2044 4907 in

621 4977 777 5044 Bristoll.
800 4979 837 5045 in
853 4979 931 5045 vico
952 4980 1056 5047 beate
1078 4976 1192 5045 Marie
1214 4978 1260 5046 de
1279 4976 1355 5044 foro
1374 4976 1469 5063 quod
1492 4974 1673 5044 Robertus
1695 4975 1882 5064 Skynnere
1902 4977 2043 5047 Bakare

623 5113 811 5181 inhabitat.
