4975 6309
728 799 827 889 dhe
850 800 990 889 ltttle
1014 801 1112 890 ileo
1137 800 1267 890 Boot
1292 801 1342 890 ot
1373 799 1559 892 cristol
1660 891 1671 897 ,
1847 827 1896 903 59

387 1025 474 1102 DE
512 1026 746 1104 PLEGIIS
783 1031 871 1108 AD
923 1031 1409 1126 PROSEQUENDUM
1451 1031 1539 1108 ET
1578 1031 1899 1110 PRECEPTIS

830 1181 918 1258 AD
965 1183 1006 1256 Α
1015 1181 1450 1259 TTACHIANDUM

518 1353 638 1420 Adam
662 1355 823 1422 Bernard
850 1365 1024 1422 mercator
1052 1357 1144 1437 lane,
1174 1357 1358 1441 draperius
1386 1357 1444 1422 vel
1472 1357 1728 1442 lyndraperius,
1757 1358 1815 1424 vel
1845 1357 1897 1424 sic

388 1499 561 1557 mercator
582 1491 755 1572 lanarum,
779 1511 960 1577 equorum,
983 1493 1137 1577 bouerie‚
1164 1493 1342 1574 Carnifex,
1369 1493 1551 1579 piscarius,
1578 1492 1691 1579 pistor
1714 1504 1752 1560 et
1773 1494 1826 1561 sic
1849 1496 1895 1562 de

388 1627 480 1706 aliis,
494 1628 553 1694 die
566 1629 649 1695 lune
663 1649 690 1694 x
703 1628 762 1695 die
774 1627 858 1714 Julij
875 1649 994 1696 coram
1007 1630 1213 1698 vicecomite
1228 1630 1260 1696 si
1274 1630 1322 1696 sit
1336 1631 1374 1697 in
1389 1629 1548 1710 London,
1571 1640 1608 1696 et
1632 1630 1664 1698 si
1687 1629 1734 1696 sit
1755 1631 1793 1696 in
1807 1629 1895 1698 ferie

388 1783 507 1830 coram
521 1766 717 1832 senescallo
730 1763 826 1847 serie,
842 1767 900 1833 vel
915 1787 1033 1834 coram
1047 1768 1227 1854 preposito
1249 1770 1394 1836 mercati
1415 1769 1447 1836 si
1462 1770 1509 1836 sit
1523 1771 1562 1835 in
1575 1771 1690 1856 burgo
1702 1771 1760 1836 vel
1774 1788 1893 1838 coram

387 1903 522 1969 maiore
549 1911 587 1968 et
613 1902 757 1968 bellicis
785 1903 818 1970 si
846 1904 894 1970 sit
926 1905 965 1970 in
994 1904 1159 1985 Ciuitate,
1189 1906 1228 1971 in
1258 1905 1442 1991 presencie
1467 1905 1640 1972 Bemardi
1669 1905 1830 1974 Clement
1858 1916 1896 1974 et

389 2037 582 2106 Clementis
604 2039 755 2126 Dyonys
778 2049 815 2106 et
838 2041 976 2107 inuenit
1000 2043 1149 2129 plegios.
1204 2040 1245 2110 Si
1267 2045 1316 2109 sit
1338 2043 1540 2110 Bernsrdus
1554 2042 1636 2109 Ade
1649 2052 1686 2110 et
1700 2042 1896 2130 Dyonisius

388 2175 559 2257 Clement,
604 2175 720 2256 Ciues,
764 2187 987 2258 mercatores,
1031 2180 1239 2264 burgenses,
1284 2197 1348 2246 seu
1393 2178 1456 2246 alii
1498 2178 1660 2244 homines
1703 2179 1750 2245 de
1792 2176 1896 2246 feodo

386 2313 642 2401 distringibiles
670 2316 763 2382 inira
790 2316 930 2382 bundas
955 2315 1050 2383 illius
1087 2317 1233 2383 mercati
1262 2335 1385 2383 versus
1421 2314 1622 2382 Dionisium
1656 2314 1815 2380 Bemard
1849 2314 1896 2384 de

386 2451 518 2534 placito
532 2453 627 2538 quos
640 2451 765 2518 resec
779 2451 813 2517 ei
827 2453 1189 2536 nilquaseidebet
1203 2461 1241 2518 et
1254 2453 1384 2519 iniuste
1400 2419 1535 2517 retinet
1549 2459 1589 2517 vt
1603 2450 1700 2516 dicit.
1745 2450 1793 2516 Et
1808 2449 1894 2516 1e00

386 2597 589 2673 preceptum
602 2585 669 2654 ibit
682 2589 862 2674 preposito
876 2589 934 2655 vel
950 2589 1031 2655 aliis
1044 2589 1188 2655 balliuis
1202 2589 1299 2674 quod
1321 2596 1492 2674 ponerent
1506 2605 1569 2672 per
1582 2585 1689 2652 vedis
1713 2595 1749 2652 et
1774 2585 1894 2654 saluos

388 2724 527 2812 plegios
553 2724 750 2810 predictum
779 2724 983 2792 Dionisium
1012 2727 1108 2812 quod
1135 2736 1230 2793 esset
1259 2745 1379 2792 corum
1411 2723 1627 2804 vicecomite,
1663 2723 1807 2789 ballivis
1836 2725 1894 2789 vel

387 2859 583 2926 senescallo
611 2859 696 2926 ferie
724 2861 762 2926 in
786 2860 959 2941 tolbotha,
984 2862 1042 2927 vel
1067 2860 1106 2927 in
1131 2861 1233 2948 gilda
1256 2861 1339 2926 aula
1364 2860 1423 2927 vel
1447 2859 1485 2926 in
1510 2858 1685 2946 Chepyng
1707 2859 1818 2926 botha
1836 2860 1895 2926 die

387 2996 511 3060 martis
532 2995 692 3080 proxime
714 2997 875 3080 sequenti
897 2997 944 3063 ad
969 2997 1254 3082 respondendum
1279 2996 1438 3081 predicto
1463 2995 1544 3062 Ade
1569 2995 1616 3063 de
1639 2995 1772 3081 placito
1801 2997 1897 3082 quod

385 3132 510 3198 reddat
531 3132 566 3199 ei
585 3153 638 3226 ,¹¹¹
654 3133 691 3200 li
714 3141 780 3200 etc
827 3134 875 3200 Et
896 3134 1078 3200 sciendum
1100 3135 1196 3220 quod
1217 3142 1422 3219 preceptum
1444 3133 1616 3200 directum
1630 3131 1773 3198 ballivis
1787 3131 1895 3199 debet

385 3266 438 3332 sic
450 3265 797 3355 fieri3-Preceptum
818 3279 874 3336 est
896 3269 1039 3335 balliuis
1062 3268 1146 3335 ferie
1172 3269 1249 3334 siue
1270 3269 1449 3353 preposito
1472 3267 1617 3335 mercati
1639 3267 1734 3352 quod
1755 3278 1893 3352 ponant

387 3423 450 3488 per
470 3404 577 3470 vadia
597 3413 634 3471 et
655 3407 775 3473 saluos
797 3406 936 3492 plegios
961 3404 1163 3472 Dionisium
1189 3405 1348 3472 Bernard
1371 3403 1466 3491 quod
1489 3403 1537 3470 sit
1559 3423 1679 3470 coram
1698 3403 1894 3470 senescallo

386 3538 471 3606 ferie
495 3541 553 3606 vel
574 3541 721 3608 mercati
742 3543 811 3608 hac
835 3541 984 3608 instanti
1009 3541 1067 3607 die
1093 3541 1217 3607 martis
1242 3541 1280 3605 in
1306 3540 1340 3607 le
1365 3539 1517 3605 Mothall
1539 3539 1586 3604 ad
1607 3538 1892 3623 respondendum

387 3676 469 3742 Ade
489 3677 649 3744 Bernard
670 3678 855 3745 mercatori
880 3678 925 3744 de
949 3677 1081 3762 placito
1107 3678 1202 3763 quod
1223 3678 1348 3742 reddat
1369 3676 1403 3742 ei
1423 3695 1475 3742 xx
1495 3675 1531 3742 li.
1555 3695 1645 3760 quas
1668 3674 1702 3740 ei
1727 3675 1834 3741 debet
1857 3685 1895 3741 et

386 3813 516 3880 iniuste
537 3815 672 3881 detinet
691 3824 731 3880 vt
752 3813 849 3894 dicit,
870 3823 907 3880 et
927 3815 1085 3881 habeant
1106 3814 1156 3880 ibi
1172 3813 1317 3880 nomina
1331 3812 1530 3898 plegiorum
1544 3819 1581 3878 et
1595 3813 1663 3878 hoc
1677 3818 1894 3896 preceptum.

528 4113 614 4190 DE
662 4111 920 4188 ESSONIIS
966 4111 1054 4186 ET
1094 4110 1317 4189 IUDICIO
1366 4107 1743 4188 ESSONIORUM.

517 4288 636 4354 Adam
649 4287 810 4353 Bernard
823 4296 998 4353 mercator
1010 4306 1133 4353 versus
1147 4285 1360 4381 Dyonisium
1375 4285 1536 4352 Bemard
1551 4285 1596 4350 de
1617 4283 1749 4370 placito
1769 4279 1892 4362 debiti,

386 4445 451 4511 per
464 4425 583 4492 Adam
598 4424 770 4493 clement.
814 4424 862 4490 Et
875 4425 1018 4508 quando
1037 4425 1215 4490 essonium
1233 4423 1323 4490 illud
1344 4423 1450 4490 debet
1469 4421 1664 4488 adiudicari
1689 4420 1894 4504 obseruetur

386 4562 424 4628 in
447 4563 636 4629 iudicando
649 4563 710 4628 lex
723 4563 920 4629 communis
932 4562 971 4628 in
985 4563 1149 4628 omnibus
1163 4560 1215 4628 ita
1229 4561 1393 4627 videlicet
1405 4559 1566 4626 videatur
1581 4555 1893 4624 attachiementum

386 4720 449 4766 seu
463 4702 606 4786 querela
618 4701 698 4767 loco
711 4701 840 4780 breuis,
855 4710 892 4767 et
905 4709 990 4768 tunc
1004 4701 1119 4786 primo
1133 4699 1229 4785 quod
1244 4698 1390 4764 nomina
1403 4705 1440 4764 et
1453 4695 1668 4782 cognomina
1681 4691 1895 4760 concordent

386 4849 423 4905 et
445 4840 539 4924 quod
562 4847 656 4905 recte
680 4837 830 4904 iactetur
853 4847 977 4909 contre
995 4838 1218 4917 demandam,
1232 4846 1272 4902 vt
1286 4836 1317 4902 si
1333 4834 1509 4901 demanda
1522 4832 1570 4898 sit
1583 4829 1630 4898 de
1651 4829 1772 4898 debito
1799 4827 1894 4915 quod

385 4974 564 5041 essonium
585 4975 633 5041 sit
658 4975 789 5056 debito,
810 4983 848 5041 et
872 4975 925 5042 sic
949 4975 995 5041 de
1009 4975 1109 5050 aliis;
1132 4983 1170 5041 et
1194 4973 1227 5039 si
1252 4972 1473 5051 concordent,
1500 4979 1585 5036 tunc
1606 4967 1767 5036 videatur
1789 4967 1822 5032 si
1846 4965 1894 5032 sit

386 5130 536 5199 querens
571 5113 629 5178 vel
657 5110 849 5181 defendens
877 5095 938 5178 iile
966 5111 1028 5199 qui
1056 5118 1112 5178 est
1139 5109 1349 5191 essoniatus,
1386 5118 1423 5174 et
1457 5115 1610 5194 ponatur
1645 5123 1795 5191 querens
1830 5103 1889 5170 vel
