4975 6309
770 705 868 796 coe
893 705 1032 797 nttu
1056 708 1155 798 neo
1179 707 1309 799 soon
1333 709 1385 799 ot
1414 707 1601 798 snitu
1825 681 1828 688 ’
1890 731 1935 809 ⁷⁵

425 918 650 1001 balliuorum,
677 921 737 988 vel
765 921 886 990 saltim
915 941 1098 1008 quousque
1126 925 1173 992 de
1200 944 1323 992 eorum
1358 923 1508 992 licencia
1542 923 1601 990 vel
1645 919 1775 988 iudicio
1814 921 1940 988 eadem

425 1066 628 1124 tene-enta
657 1078 720 1126 seu
747 1060 910 1147 hospicia
936 1061 1093 1146 poterint
1120 1063 1303 1144 reintrare,
1333 1061 1430 1148 quod
1459 1060 1615 1128 maxime
1651 1055 1941 1125 inconuenienter

426 1202 464 1259 et
491 1202 617 1260 contra
644 1195 722 1262 iura
749 1196 851 1283 regni
879 1195 987 1263 firerit
1015 1197 1196 1279 usitatum,
1231 1217 1312 1266 cum
1342 1197 1535 1264 secundum
1569 1195 1686 1280 legem
1722 1201 1759 1260 et
1794 1211 1942 1260 consue·

428 1330 589 1396 tudinem
624 1331 729 1417 regni
764 1342 801 1398 et
836 1333 958 1400 saltim
994 1335 1188 1402 seeundum
1225 1335 1342 1422 legem
1379 1328 1624 1400 mercatoriam
1661 1349 1730 1415 que
1766 1329 1812 1396 de
1847 1339 1942 1394 terra
2039 1355 2040 1358 ¹

426 1487 491 1536 seu
519 1471 594 1536 sole
624 1469 758 1535 nullam
791 1469 938 1537 omnino
969 1471 1214 1556 cognicionem
1243 1471 1354 1538 habet
1381 1469 1487 1536 liceat
1523 1467 1612 1534 illud
1648 1467 1693 1533 de
1728 1486 1794 1534 suo
1829 1467 1941 1534 libero

425 1615 629 1672 tenemento
668 1605 746 1672 sine
782 1605 913 1673 iudicio
952 1608 1141 1674 desoeisire
1183 1609 1242 1675 vel
1278 1609 1324 1674 de
1367 1625 1433 1674 suo
1475 1605 1637 1690 hospicio
1681 1606 1832 1670 durante
1875 1615 1940 1668 suo

425 1742 577 1808 termino
600 1743 714 1810 eicere
742 1743 813 1810 nisi
840 1741 931 1811 forte
960 1743 1030 1811 felc
1059 1746 1118 1811 vel
1146 1755 1186 1812 vt
1213 1745 1285 1813 felc
1319 1753 1483 1824 rectatus,
1514 1742 1716 1830 appellenis
1741 1741 1799 1807 vel
1827 1737 1939 1805 indic-

427 1890 524 1948 tatus
552 1879 670 1948 fitetit.
727 1880 939 1950 Ordinatum
969 1891 1007 1949 et
1036 1891 1208 1950 statutum
1244 1893 1301 1950 est
1337 1881 1432 1968 quod
1468 1899 1535 1947 nec
1570 1875 1773 1946 huiusmodi
1805 1875 1942 1962 sigilis·

426 2016 549 2086 ciones
574 2037 641 2084 nec
670 2017 894 2086 defensiones
922 2021 1040 2088 locum
1064 2039 1205 2088 annno
1229 2021 1397 2099 habeant,
1423 2017 1510 2104 quin
1539 2015 1689 2102 quilibet
1718 2014 1809 2080 liber
1835 2013 1944 2079 homo

426 2156 539 2222 libere
572 2155 688 2241 possit
723 2154 864 2242 ingredi
891 2165 929 2222 et
956 2155 1055 2222 exire
1090 2156 1240 2224 liberum
1277 2163 1517 2222 tenementum
1553 2162 1589 2219 et
1613 2148 1811 2236 hospicium
1841 2167 1944 2216 suunt

426 2311 493 2378 pro
523 2292 708 2358 voluntate
737 2311 803 2357 sua
830 2289 901 2358 nisi
930 2300 1071 2359 tantm
1100 2293 1138 2361 in
1167 2313 1254 2361 casu
1282 2257 1413 2370 felonie
1448 2301 1486 2357 vt
1522 2287 1721 2376 predictum
1757 2293 1823 2352 est.
1878 2280 1944 2350 Set

427 2447 492 2514 per
519 2427 588 2494 boc
617 2447 691 2495 nox
719 2429 918 2495 excluditur
946 2431 1043 2514 quod
1071 2428 1171 2516 prius
1199 2429 1333 2496 dictum
1356 2437 1412 2496 est
1437 2427 1524 2514 quin
1548 2441 1673 2512 grosse
1701 2419 1944 2488 districtiones

427 2573 467 2630 vt
507 2564 628 2631 mcum
657 2575 694 2632 et
722 2565 795 2632 alia
822 2565 982 2651 predicta
1009 2567 1149 2652 possint
1177 2567 1321 2634 nomine
1349 2561 1585 2634 districcionis
1609 2559 1695 2646 poni
1720 2555 1940 2624 indefenso.

428 2696 477 2764 Et
527 2700 644 2784 quoad
695 2711 878 2788 sequestra
925 2705 1108 2771 sciendum
1160 2713 1216 2771 est
1270 2703 1366 2790 quod
1418 2719 1599 2788 nunquam
1652 2675 1786 2784 e'pponi
1838 2694 1945 2762 debet

429 2841 648 2916 sequmtrum
679 2853 745 2918 per
778 2835 913 2904 curiam
948 2839 1111 2906 laicalem
1141 2840 1206 2906 sed
1235 2837 1361 2906 balliui
1401 2837 1536 2905 faciunt
1574 2853 1714 2920 semper
1749 2832 1870 2900 saisire
1909 2840 1946 2899 et

430 2968 600 3036 ordinarii
627 2967 763 3038 facimn
797 2981 1029 3059 sequestrare.

551 3231 638 3307 DE
692 3231 895 3328 CERTIS
941 3233 1109 3311 LOCIS
1155 3235 1270 3311 PRO
1319 3230 1823 3311 DISTRICCIONIBUS.

560 3405 605 3474 In
649 3410 747 3476 omni
782 3407 939 3477 mercato
974 3410 1022 3477 sit
1057 3430 1150 3478 vnus
1185 3419 1301 3477 certus
1337 3411 1437 3476 locus
1476 3407 1568 3474 infra
1607 3408 1747 3474 bundas
1787 3403 1944 3483 mercati,

429 3542 625 3620 ciuitatum.
674 3543 852 3624 feriarum,
895 3553 1072 3630 portuum,
1124 3545 1289 3612 villarum
1342 3543 1628 3610 mercatoriamm
1673 3550 1710 3606 et
1753 3541 1944 3626 burgorum

428 3677 623 3760 edificatus,
657 3681 719 3765 qui
754 3682 854 3747 locus
888 3681 942 3748 ita
973 3691 1117 3768 tegatur
1154 3693 1192 3749 et
1234 3681 1551 3748 circumclaudatur
1579 3679 1675 3764 quod
1704 3675 1947 3744 districtiones

428 3835 635 3902 quecunque
661 3815 792 3884 firerim
819 3825 924 3903 capte
948 3818 1100 3903 pooiet
1135 3817 1305 3886 custodiri
1339 3821 1485 3884 valeant
1521 3817 1560 3882 in
1600 3814 1734 3882 eisdem
1771 3813 1873 3880 saluo
1909 3822 1947 3880 et

428 3951 564 4037 absque
601 3953 865 4038 periclitatione
907 3973 973 4040 pro
1013 3954 1223 4041 intemperie
1262 3965 1298 4022 et
1339 3953 1535 4034 latrocinio,
1576 3962 1613 4019 et
1653 3951 1701 4019 sit
1744 3953 1845 4018 locus
1885 3950 1947 4017 ille

427 4086 528 4154 fortis
566 4098 604 4155 et
641 4091 803 4175 ydoneus
841 4102 878 4158 et
918 4092 1025 4164 bonis
1066 4093 1178 4160 muris
1216 4091 1515 4171 circumuallatos,
1544 4089 1606 4175 qul
1635 4087 1727 4154 muri
1755 4095 1859 4154 enrnt
1894 4085 1947 4154 ita

428 4224 603 4308 penetrati
627 4236 840 4312 apparenter
861 4237 898 4296 et
918 4227 1103 4296 fenestrati
1123 4231 1220 4315 quod
1239 4229 1391 4315 quilibet
1416 4226 1478 4314 qui
1502 4235 1558 4294 est
1582 4235 1686 4294 extra
1706 4223 1821 4312 possit
1843 4243 1944 4289 suam

429 4360 691 4429 districtionem
732 4363 874 4437 videre..
923 4363 974 4432 Et
1018 4367 1115 4453 quod
1157 4366 1308 4452 quilibet
1352 4363 1602 4433 nichilominus
1647 4360 1762 4448 possit
1805 4359 1945 4446 ingredi

429 4500 572 4566 domum
601 4501 701 4568 illem
729 4504 787 4570 vel
816 4505 898 4572 illas
927 4505 974 4572 ad
1004 4506 1223 4592 pascendum
1253 4503 1498 4572 districtiones
1522 4519 1607 4568 suas
1635 4499 1680 4566 de
1709 4518 1775 4566 suo
1803 4497 1946 4584 proprio

430 4645 466 4702 et
490 4637 582 4705 alias
604 4638 847 4709 districtiones
869 4661 934 4710 sua
955 4643 1089 4725 iuuare,
1110 4652 1259 4724 vertere,
1283 4643 1472 4708 emendare
1495 4647 1532 4706 et
1557 4635 1714 4704 esseime
1737 4655 1803 4722 pro
1821 4636 1947 4701 volun·

430 4782 504 4840 tate
535 4793 612 4850 sua.
646 4774 706 4842 Ita
745 4797 885 4864 semper
918 4781 1014 4866 quod
1056 4779 1127 4846 nisi
1164 4778 1226 4845 ille
1267 4777 1329 4864 qui
1368 4777 1422 4845 ita
1461 4753 1649 4844 districtus*
1678 4773 1783 4842 merit
1811 4773 1946 4840 bestias

430 4928 513 4976 suas
539 4930 687 4996 pascere
713 4925 750 4982 et
778 4915 852 4982 alia
879 4915 975 4982 bona
1003 4935 1071 4982 sua
1098 4915 1231 4982 ibidem
1260 4917 1406 4982 detenta
1432 4923 1473 4982 vt
1501 4911 1635 4980 dictum
1671 4920 1727 4978 est
1763 4909 1939 4977 custodire

430 5047 590 5129 voluerit,
627 5059 713 5118 tunc
747 5049 857 5122 faciat
895 5053 1061 5122 dominus
1093 5055 1230 5125 bestias
1265 5053 1311 5121 de
1346 5073 1412 5121 suo
1439 5069 1586 5140 pascere
1613 5058 1651 5118 et
1678 5047 1770 5116 alias
1797 5045 1938 5112 distric
