4975 6309
599 748 672 823 208
932 740 1030 833 ube
1054 739 1194 831 little
1218 740 1317 830 ‘neo
1342 741 1470 832 Book
1495 744 1546 835 oi
1575 744 1763 838 Bristoi.

596 976 745 1043 quonum
773 965 858 1023 tunc
888 954 1056 1023 intererat
1092 955 1224 1023 dictam
1259 954 1387 1038 sildarn
1423 974 1488 1025 seu
1521 956 1666 1027 frariam
1701 962 1749 1026 ab
1784 961 1936 1028 ecclesia
1970 960 2104 1033 Sancte
2136 1040 2141 1049 ,

596 1093 781 1161 Trinitatis
816 1094 855 1160 in
894 1094 1079 1163 ecclesiam
1124 1093 1294 1161 Omnium
1337 1090 1550 1162 Sanctorum
1591 1096 1787 1181 predictam
1829 1100 2022 1182 transtulit,
2058 1120 2103 1167 ac

597 1230 747 1300 Scholas
797 1232 978 1299 Bristollie
1028 1250 1092 1317 pro
1143 1230 1268 1313 Judeis
1316 1236 1354 1295 et
1404 1230 1487 1299 aliis
1536 1233 1696 1319 paruulis
1746 1233 1980 1304 informandis
2036 1238 2104 1305 sub

596 1370 834 1454 disposicione
876 1370 969 1437 dicte
1019 1368 1125 1436 frarie
1172 1365 1348 1435 stabiliuit
1389 1376 1427 1433 et
1468 1367 1692 1453 proteccione
1734 1366 1880 1454 majoris
1923 1370 2104 1440 Bristollie

596 1506 658 1591 qui
686 1526 751 1592 pro
779 1515 940 1591 tempore
968 1503 1084 1583 neit,
1114 1524 1156 1571 ac
1185 1500 1439 1569 monasterium
1468 1500 1594 1571 Sancti
1628 1504 1824 1591 Augustini
1860 1504 1900 1571 in
1935 1509 2103 1575 suburbio

596 1644 691 1711 dicte
725 1643 810 1710 ville
848 1642 1021 1724 limdauit,
1054 1654 1091 1709 et
1126 1643 1241 1729 ipsam
1279 1638 1466 1706 ecclesiam
1502 1638 1672 1708 Omnium
1713 1639 1924 1708 Sanctorum
1967 1642 2104 1729 prefato

596 1780 811 1847 monasterio
825 1774 1081 1870 approp[r]iari
1094 1778 1177 1845 feeit
1192 1796 1234 1843 ac
1249 1774 1421 1843 vicarium
1439 1777 1628 1863 quemdam
1643 1777 1689 1844 de
1702 1778 1897 1863 capellanis
1910 1778 2005 1847 dicte
2017 1780 2105 1863 3ilde

596 1923 633 1981 et
660 1914 766 1981 frarie
793 1914 997 2001 eligendum
1026 1925 1062 1981 et
1090 1934 1154 2001 per
1189 1914 1355 1980 abbatem
1391 1923 1430 1981 et
1464 1923 1678 1981 conuentum
1713 1915 1920 1983 monasterii
1954 1916 2104 2001 predicti

385 2065 546 2183 moiri
595 2052 775 2139 Episcopo
819 2050 1059 2139 Wygornensi
1099 2051 1387 2138 presentandum,
1428 2050 1475 2117 de
1513 2070 1585 2135 quo
1623 2049 1756 2117 vicario
1793 2050 1927 2117 dictum
1963 2070 2106 2120 monas-

391 2205 547 2311 ΡἪΔ·
594 2190 721 2257 terium
764 2188 917 2275 singulis
958 2188 1062 2255 annis
1102 2196 1234 2255 cenam
1282 2187 1498 2273 porcionem,
1545 2186 1690 2254 nomine
1732 2186 1910 2268 Rectorie,
1947 2188 2104 2256 ordinari

374 2334 562 2375 mmm
593 2324 686 2393 fecit
731 2323 890 2411 Cumque
917 2325 1064 2391 heredes
1086 2324 1173 2392 dicti
1203 2324 1357 2391 Roberti
1378 2322 1567 2424 Hardyng‚
1597 2342 1640 2390 ac
1661 2322 1820 2408 Maiores
1841 2322 2022 2391 Bristollie
2043 2324 2106 2410 qui

410 2398 524 2440 VlOssll

375 2452 567 2571 fflss'w·
593 2482 658 2548 pro
686 2470 844 2549 tempore
873 2462 1076 2541 extiterant,
1107 2463 1327 2548 temporibus
1356 2458 1492 2527 domini
1520 2458 1670 2526 Ricardi
1695 2469 1732 2526 et
1750 2459 1937 2543 Jobannis,
1959 2460 2105 2549 Regum

592 2599 737 2687 Angue,
777 2598 929 2667 filiorum
974 2599 1124 2686 preteeti
1168 2598 1328 2679 Henrici,
1368 2598 1451 2684 jura
1493 2606 1531 2663 et
1573 2596 1759 2664 libertates
1801 2596 1895 2663 dicte
1937 2596 2026 2680 silde
2067 2609 2105 2665 et

590 2736 696 2804 frarie
730 2737 978 2825 protexissent,
1015 2736 1219 2823 superuenit
1252 2734 1474 2803 Bristolliam
1511 2733 1748 2800 Reuerendus
1791 2743 1895 2819 pater
1928 2732 2107 2802 Dominus

591 2873 732 2955 Gaulos
766 2871 872 2942 Sedis
900 2872 1109 2958 Apostolice
1145 2872 1322 2959 presbiter
1357 2868 1560 2938 Cardinalis
1598 2888 1641 2936 ac
1676 2870 1855 2956 generalis
1889 2870 2032 2957 legatus
2065 2872 2105 2938 in

591 3006 723 3092 Regno
751 3005 886 3093 Anglie
914 3004 1056 3084 missus,
1086 3006 1148 3091 qui
1177 3015 1368 3092 postquam
1398 3006 1582 3073 coronauit
1610 3006 1745 3073 dictum
1773 3004 1969 3073 Henricum
1991 3004 2103 3073 filium

591 3142 707 3229 Regis
764 3142 941 3226 Johannis
998 3141 1220 3211 Gloucestrie
1277 3143 1419 3231 Regem
1477 3144 1613 3231 Anglie
1674 3142 1870 3211 celebrauit
1926 3145 2105 3228 quoddam

591 3279 777 3345 consilium
806 3278 973 3365 generale
1002 3278 1198 3360 Bristollie,
1228 3280 1267 3346 in
1295 3300 1367 3367 quo
1395 3280 1545 3348 oonsilio
1573 3280 1659 3347 Rex
1687 3289 1724 3347 et
1750 3278 1951 3347 Cardinalis
1978 3280 2105 3362 3ildam

592 3425 629 3482 et
663 3414 806 3483 frmiam
842 3415 1020 3501 predictas
1054 3426 1199 3502 propter
1236 3418 1469 3504 antiquitates
1505 3427 1543 3484 et
1577 3416 1759 3484 bonitates
1795 3416 1833 3481 in
1868 3436 1912 3483 ea
1948 3427 2105 3502 repertas

593 3550 878 3635 approbauerunt
921 3559 957 3616 et
1000 3548 1311 3619 confirmauarunt.
1368 3550 1441 3639 Qui
1475 3555 1617 3641 legatus
1650 3550 1836 3619 mandauit
1877 3560 1915 3619 et
1950 3552 2106 3639 injunxit

592 3690 736 3758 domino
763 3688 945 3756 Willelmo
958 3688 960 3693 '
973 3690 1009 3757 le
1037 3690 1159 3778 Bleys,
1190 3690 1371 3779 Episcopo
1400 3692 1654 3783 Wygornensi,
1683 3702 1720 3759 et
1748 3692 1823 3759 suis
1844 3692 2106 3761 successoribus

592 3824 781 3912 Episcopis
810 3826 1092 3907 succedentibus,
1125 3836 1164 3893 vt
1193 3827 1327 3895 dictam
1362 3828 1489 3911 3ildam
1526 3846 1591 3895 seu
1625 3826 1769 3893 frariam
1805 3835 2034 3913 protegerent
2066 3835 2106 3892 et

593 3952 830 4049 approbarent
855 3963 903 4030 ad
931 3964 1076 4031 laudem
1103 3962 1174 4031 Dei
1204 3984 1248 4031 sc
1284 3962 1455 4032 Omnium
1493 3961 1705 4031 Sanctorum
1734 3970 1771 4027 et
1798 3960 2105 4028 aumentacionem

593 4100 826 4167 deuocionum
854 4111 892 4166 et
918 4100 1091 4167 unitatem
1121 4101 1205 4168 cleri
1235 4111 1272 4168 et
1300 4101 1424 4187 populi
1445 4098 1531 4166 ville
1551 4096 1744 4189 Bristollie,
1787 4096 2104 4165 confirmacionem

595 4239 739 4324 insuper
767 4257 789 4303 a
817 4236 912 4304 Sede
939 4236 1151 4323 Apostolice
1180 4258 1288 4324 super
1314 4237 1460 4321 Juribus
1487 4234 1583 4301 dicte
1610 4232 1698 4316 3ilde
1726 4242 1764 4299 et
1789 4231 1897 4300 statie
1924 4231 2108 4320 impetrari

594 4374 806 4461 procuranit,
835 4392 973 4441 necnon
1011 4376 1133 4442 omnia
1168 4377 1267 4443 bona
1306 4394 1377 4461 que
1410 4382 1497 4440 tunc
1531 4370 1762 4457 possidebant
1797 4368 1927 4436 autin
1951 4367 2107 4437 futunum

591 4512 698 4598 justis
726 4511 841 4579 modis
869 4520 1034 4596 poterunt
1060 4512 1219 4598 adipisci,
1250 4522 1288 4580 et
1316 4510 1519 4597 specialiter
1545 4510 1681 4587 domos,
1704 4515 1828 4586 terras,
1850 4506 2105 4591 possessiones,

594 4648 762 4728 redditus,
792 4656 829 4713 et
857 4644 978 4714 omnia
1001 4646 1073 4713 alia
1097 4649 1195 4715 bona
1223 4648 1290 4715 sub
1314 4644 1537 4733 proteccione
1565 4642 1672 4711 Sedis
1699 4640 1909 4727 Apostolice
1937 4644 2106 4729 suscepit.

596 4783 666 4872 Qui
695 4782 865 4869 Episcopi
892 4781 1161 4871 Wygornenses
1188 4785 1321 4852 dictam
1349 4784 1475 4867 3ildam
1503 4789 1540 4848 et
1567 4778 1712 4846 frariam
1750 4780 2040 4864 approbauerunt
2068 4788 2108 4845 et

596 4922 847 4989 tollersuerunt
897 4918 943 4987 de
994 4921 1157 5005 pluribus
1207 4921 1289 4987 aliis
1338 4918 1598 5007 inquisiuimus,
1655 4934 1726 5002 que
1783 4916 1905 4983 omnia
1960 4924 2105 5003 propter

1136 5090 1582 5160 wesmonasteriensi
