4975 6309
747 755 845 851 ube
868 755 1007 849 little
1030 758 1130 851 liti
1153 758 1284 850 Book
1309 757 1359 848 oi
1384 757 1574 851 dilatet.
1834 791 1909 907 ²¹?

402 971 603 1059 iuramento
631 970 671 1038 in
698 968 925 1040 institucione
953 990 1019 1039 sua
1046 972 1239 1059 prestando
1272 971 1320 1038 ad
1353 972 1422 1039 boc
1456 970 1659 1059 specialiter
1693 976 1916 1067 attingatur

402 1108 509 1195 Juxta
543 1108 687 1177 modum
723 1115 761 1175 et
798 1105 947 1175 formam
990 1107 1118 1195 quibus
1153 1105 1278 1173 vicarii
1312 1106 1539 1175 ecclesiarum
1573 1110 1829 1194 parochialium
1864 1116 1915 1182 ad

405 1244 631 1313 reddendtuu
668 1242 708 1311 in
746 1244 822 1311 suis
856 1243 1000 1313 vicariis
1039 1242 1310 1313 constitucionis
1346 1242 1484 1309 domini
1518 1241 1696 1313 Octoboni
1734 1249 1915 1333 quondam

404 1382 503 1451 sedis
530 1378 724 1467 apostolice
751 1380 863 1468 legati
899 1381 972 1452 sint
992 1348 1124 1449 ¹artati.
1183 1378 1382 1447 Statuimus
1416 1378 1561 1469 insuper
1593 1392 1631 1449 et
1669 1383 1915 1453 ordinauimus

407 1519 502 1605 quod
546 1518 640 1583 idem
682 1526 874 1603 perpetuus
916 1514 1142 1604 Capellamus
1193 1514 1348 1600 singulis
1396 1513 1534 1595 diebus,
1582 1514 1681 1583 boris
1731 1517 1914 1585 canonicis

408 1656 685 1743 quibuscumque
719 1664 758 1722 et
788 1654 910 1733 missa.
946 1672 1098 1721 vnacum
1134 1650 1329 1738 Capelleno
1364 1649 1531 1737 parochie
1570 1651 1666 1719 dicte
1703 1654 1839 1741 capelle
1874 1662 1915 1721 et
2065 1687 2068 1693 ·

407 1792 579 1861 ministris
606 1790 688 1858 aliis
716 1789 754 1857 in
783 1790 907 1857 eedem
936 1786 1168 1875 superpelicie
1195 1787 1341 1854 indutus
1367 1788 1601 1873 personaliter
1627 1788 1777 1871 intersit,
1799 1790 1915 1875 quod·

406 1947 476 2016 que
504 1928 543 1995 in
571 1926 696 1993 eadem
724 1925 863 2013 capella
891 1924 1092 2012 specialiter
1119 1931 1156 1991 et
1190 1924 1297 2010 plene
1331 1920 1483 1991 officium
1519 1942 1601 1993 cum
1635 1926 1912 1994 comendacione

407 2064 505 2133 dicat
528 2062 657 2131 cotidie
679 2072 906 2143 mortuorum,
935 2070 973 2129 et
999 2061 1095 2147 quod
1131 2060 1283 2146 singulis
1317 2059 1443 2129 diebus
1470 2070 1633 2128 munte
1658 2060 1915 2149 impedimento

406 2200 567 2289 legitinw
595 2198 741 2297 missam
769 2216 834 2285 pro
863 2197 984 2265 anima
1018 2194 1105 2263 dicti
1139 2194 1289 2261 Ricardi
1324 2194 1481 2263 destructi
1514 2204 1553 2263 et
1588 2196 1775 2265 animabus
1810 2207 1914 2265 ante-

406 2354 585 2405 cessorum
613 2354 757 2402 suorum
785 2342 822 2399 et
846 2332 1005 2399 omnium
1032 2328 1190 2397 fidelium
1218 2328 1472 2414 defunctorum,
1500 2350 1639 2401 necnon
1660 2332 1794 2400 salubri
1813 2342 1913 2402 stetu

407 2480 529 2541 nosue
557 2480 595 2539 et
623 2470 758 2539 Tbcms
784 2468 850 2537 filii
878 2468 964 2536 dicti
992 2466 1148 2535 conecti
1176 2467 1262 2534 dum
1289 2451 1492 2551 vixerimus,
1513 2477 1551 2537 et
1571 2468 1759 2536 animabus
1778 2470 1911 2539 nostris

408 2624 489 2675 cem
517 2608 564 2675 ab
592 2607 662 2674 hec
697 2605 776 2673 luce
811 2604 983 2673 subtracti
1017 2603 1197 2685 irruimus,
1233 2622 1278 2671 ac
1311 2604 1425 2672 eciam
1459 2606 1596 2674 sdubri
1630 2610 1728 2673 statu
1761 2605 1911 2693 Maioris

408 2742 589 2811 Bristollie
615 2742 678 2829 qui
704 2762 771 2829 pro
799 2750 957 2829 tempore
985 2740 1089 2807 fiuent
1109 2748 1146 2807 et
1167 2739 1441 2809 Communitatis
1464 2741 1623 2829 ejusdem
1642 2742 1713 2811 loci
1733 2744 1912 2811 celebrare

407 2887 579 2947 teneam
635 2879 680 2946 In
723 2898 796 2965 qua
834 2878 945 2947 mina
980 2876 1197 2962 subscriptas
1234 2876 1431 2945 oraciones:
1487 2875 1684 2945 “Concede
1719 2898 1911 2964 quesumus

407 3013 562 3084 Domine
589 3014 723 3083 tammo
751 3022 812 3081 mo
841 3014 1021 3100 Episcopo
1055 3022 1178 3081 nostro
1213 3022 1254 3081 vt
1287 3013 1504 3099 predicaffio
1538 3022 1577 3083 et
1612 3015 1808 3095 manendo
1844 3034 1915 3101 que

406 3164 503 3222 recto
532 3163 615 3221 sunt
642 3152 805 3239 exemplo
826 3153 1000 3219 bonorum
1021 3170 1168 3238 operum
1189 3149 1329 3217 animas
1354 3169 1497 3217 suorum
1520 3149 1673 3217 mancat
1694 3150 1914 3219 subditorum

408 3300 445 3357 et
483 3268 604 3357 eterne
641 3286 940 3357 remuneracionis
976 3288 1172 3355 mercedem
1209 3296 1247 3353 te
1280 3284 1442 3373 piissime
1485 3294 1609 3373 pastor
1642 3286 1816 3374 percipiat
1848 3306 1918 3374 per

408 3423 586 3495 Christum
598 3425 620 3453 ”
648 3433 727 3503 etc,
756 3423 937 3491 “Munera
966 3432 1089 3491 nostra
1117 3442 1308 3509 quesumus
1336 3422 1480 3488 domine
1510 3431 1675 3509 precatus
1703 3422 1842 3510 suscipe
1876 3433 1915 3491 et

408 3561 578 3630 famulum
606 3550 706 3629 trium
731 3560 949 3646 Episcopum
977 3568 1138 3629 nostmm
1161 3578 1378 3647 gregemque
1398 3557 1468 3625 sibi
1488 3558 1716 3626 commissum
1737 3560 1916 3647 benignus

408 3714 548 3784 semper
574 3706 613 3763 et
639 3697 850 3782 ubicumque
877 3694 1149 3763 misericorditer
1177 3704 1326 3783 protege
1360 3712 1426 3781 per
1453 3692 1666 3776 chrisum
1695 3704 1774 3777 etc,
1800 3696 1916 3765 “Hec

408 3850 475 3901 nos
501 3834 704 3901 commrrnio
732 3832 875 3901 domine
902 3826 1032 3920 purget
1060 3850 1084 3898 a
1112 3830 1259 3897 crimine
1287 3839 1324 3898 et
1355 3828 1526 3898 temdum
1562 3839 1663 3899 tuum
1697 3830 1915 3919 Episcopum

409 3974 568 4034 nostrum
594 3966 892 4053 commissumque
919 3964 990 4033 sibi
1017 3984 1165 4054 megum
1193 3965 1352 4053 benigna
1372 3984 1564 4052 quesumus
1583 3968 1717 4055 pietate
1744 3988 1917 4037 conamus

407 4122 474 4189 per
502 4102 714 4185 Christum·
743 4113 822 4185 etc,
848 4124 914 4191 pro
942 4103 1076 4171 salubri
1104 4112 1201 4171 statu
1225 4110 1347 4170 nostro
1371 4102 1457 4169 dum
1480 4102 1696 4171 vixerim:
1733 4104 1918 4173 oraciones

408 4246 611 4323 sequentem
668 4237 801 4306 “Deus
843 4240 906 4325 qui
948 4240 1040 4307 inter
1082 4240 1311 4327 Apostolicos
1350 4240 1551 4308 mcerdotas
1600 4239 1772 4308 tammum
1813 4249 1918 4309 tuum

405 4370 603 4459 pontificali
631 4372 807 4460 dignitate
835 4374 971 4441 censeri
999 4374 1146 4455 fecisti.”
1178 4384 1258 4455 etc,
1289 4373 1512 4444 “offerimus
1543 4376 1610 4443 tibi
1638 4376 1781 4443 domim
1815 4378 1920 4445 obla·

408 4508 545 4575 donem
572 4508 786 4590 seruitutis,”
816 4519 895 4592 ete,
923 4508 1122 4579 “Proficiat
1158 4530 1351 4597 quesumus
1379 4509 1524 4577 domine
1551 4510 1669 4577 anime
1704 4510 1829 4577 famuli
1863 4512 1920 4579 tui

408 4644 585 4732 pontificis
620 4646 743 4713 diuina
783 4646 1009 4727 celebracio,”
1045 4654 1124 4725 etc,
1162 4642 1378 4724 “Misterii‚”
1415 4652 1496 4723 etc..
1530 4662 1597 4729 pro
1636 4643 1758 4710 anima
1793 4654 1917 4711 nostra

409 4796 489 4845 cum
518 4780 565 4845 eb
593 4779 661 4845 bac
693 4780 772 4845 luce
808 4780 978 4845 subtracti
1013 4778 1193 4859 metimus,
1230 4778 1303 4846 dici
1342 4778 1515 4859 volumus,
1553 4788 1628 4845 tam
1663 4778 1783 4845 debite
1810 4798 1917 4865 quam

408 4914 547 4997 neuma,
573 4914 776 4999 specialiter
803 4934 867 5001 per
895 4916 1057 4983 eundem.
1113 4913 1217 5001 Quod
1246 4915 1279 4982 si
1306 4914 1427 4983 forsan
1455 4917 1680 5003 capellanum
1706 4926 1918 5004 perpetuum

408 5048 504 5116 dicte
523 5049 680 5115 canmrie
700 5048 778 5117 siue
797 5047 1001 5117 infirmitate
1015 5050 1072 5117 vel
1091 5051 1162 5117 alio
1184 5050 1436 5137 impedimento
1457 5053 1629 5121 canonico
1645 5053 1816 5122 detinerei
1833 5053 1854 5142 (
1877 5054 1912 5143 ')
