4975 6309
748 776 844 867 libe
869 776 1008 868 little
1031 778 1129 869 ileo
1157 782 1286 873 tloolr
1310 782 1362 872 ot
1391 784 1578 876 litletol
1845 814 1914 889 19⁵

408 990 635 1075 pertinenciis
662 990 832 1077 predictis
856 991 992 1060 Thome
1028 992 1187 1063 Bourton
1222 1008 1260 1063 et
1291 997 1448 1083 Johanni
1475 997 1680 1080 wodeford,
1708 1002 1915 1087 camllanu,

408 1146 598 1213 eorumque
633 1128 895 1198 successoribus
930 1130 1125 1215 capellanis
1161 1131 1285 1200 diuina
1325 1134 1365 1200 in
1400 1134 1499 1201 dicta
1538 1136 1688 1203 ecclesia
1727 1136 1766 1202 in
1803 1136 1916 1205 forma

407 1264 567 1349 predicta
595 1264 853 1352 imperpetuum
882 1266 1142 1335 celebrantibus
1164 1280 1288 1339 contm
1308 1292 1434 1341 omnes
1454 1283 1581 1359 gentes
1608 1274 1916 1342 warantizabimus

407 1409 445 1467 et
472 1399 700 1477 defendemus
728 1400 998 1488 imperpetuum.
1042 1402 1087 1471 In
1116 1408 1216 1491 cujus
1244 1407 1296 1473 rei
1324 1408 1567 1477 testimonium
1595 1410 1658 1477 vni
1686 1412 1781 1496 parti
1808 1412 1915 1498 hujus

407 1535 595 1604 indenture
636 1537 820 1606 indentate
855 1558 967 1625 pones
1002 1540 1117 1609 dictos
1161 1544 1367 1629 capellanos
1402 1545 1599 1613 remanenti
1635 1545 1757 1633 sigilla
1791 1556 1915 1615 nostra

409 1674 648 1760 apposuimus.
691 1674 809 1743 Alteri
837 1696 921 1743 vero
949 1678 1043 1762 parti
1078 1696 1189 1760 penes
1225 1676 1398 1763 Maiorem
1430 1687 1467 1744 et
1503 1678 1801 1747 communitatem
1829 1680 1914 1747 ville

321 1902 324 1907 Ι
406 1810 588 1878 Bristollie
634 1814 831 1881 remanenti
866 1815 1016 1900 predicti
1059 1812 1246 1900 Capeliani
1281 1833 1345 1901 pro
1381 1815 1435 1882 eis
1470 1823 1507 1881 et
1543 1816 1804 1883 successoribus
1832 1817 1914 1885 suis

407 1946 527 2033 sigilla
566 1967 632 2015 sua
666 1960 917 2036 apposuerunt.
976 1950 1025 2017 Et
1053 1950 1093 2018 in
1128 1952 1297 2037 majorem
1335 1952 1559 2019 securitatem
1597 1962 1635 2019 et
1670 1954 1914 2021 testimonium

406 2083 563 2151 omnium
592 2084 845 2169 premissorum
873 2088 920 2153 ad
948 2085 1160 2155 instanciam
1189 2088 1348 2175 parcium
1369 2089 1606 2173 predictorum
1627 2088 1786 2177 sigillum
1806 2088 1915 2158 officii

406 2220 600 2305 majoratus
627 2220 713 2289 ville
741 2222 924 2291 Bristoilia
950 2226 1175 2311 presentibus
1202 2235 1259 2293 est
1288 2245 1495 2313 appensum.
1561 2226 1697 2293 Datum
1733 2225 1914 2295 Bristollie

406 2358 574 2425 vicesimo
610 2368 737 2445 quarto
765 2360 825 2427 die
853 2362 986 2429 mensis
1014 2361 1115 2441 Maii,
1146 2382 1240 2429 anno
1270 2362 1406 2430 domini
1421 2362 1627 2457 ‘Millesimo
1658 2372 1756 2431 occ¹¹¹⁰
1781 2365 1909 2430 lxxxv

407 2496 543 2581 quinto,
566 2506 603 2564 et
625 2516 720 2565 anno
741 2500 843 2586 regni
865 2498 981 2587 Regis
1003 2498 1151 2567 Ricardi
1173 2500 1319 2567 secundi
1339 2510 1422 2587 post
1444 2499 1684 2587 conquestum
1707 2505 1870 2590 septimo.
2020 2482 2026 2505 “

512 2858 547 2937 C
547 2858 848 2939 OMPOSICIO
901 2862 1333 2940 CANTARIARUM
1372 2862 1682 2943 EBORARDI
1722 2864 1805 2941 LE

1006 3012 1317 3092 FRANCEYS.

535 3186 615 3254 Hec
643 3196 699 3256 est
726 3189 908 3259 ordinacio
935 3190 1031 3259 faeta
1058 3201 1095 3259 et
1124 3192 1384 3279 imperpetuum
1417 3191 1572 3259 tenenda
1600 3192 1693 3259 inter
1713 3192 1912 3261 Robertim
1937 3203 2087 3322 m
2096 3219 2142 3323 ὃν

406 3322 529 3409 Gyeue
557 3324 603 3391 de
631 3325 826 3412 Brystollia
854 3347 919 3415 pro
948 3337 1107 3415 tempore
1135 3326 1208 3395 vite
1237 3348 1301 3395 sue
1329 3335 1367 3395 et
1399 3327 1573 3413 Maiorem
1601 3324 1697 3396 dicte
1731 3327 1816 3396 ville
1850 3329 1913 3415 qui
1959 3332 2122 3389 Μυκη

401 3480 467 3548 pro
510 3470 668 3549 tempore
709 3461 815 3532 iiierit
857 3474 939 3551 post
982 3466 1165 3535 decessum
1201 3465 1288 3533 dicti
1324 3464 1476 3533 Roberti
1518 3486 1574 3532 ex·
1607 3474 1710 3552 parte
1751 3487 1834 3551 vna,
1874 3476 1913 3536 et

402 3593 585 3663 dominum
614 3594 815 3679 Johannem
851 3598 1037 3681 Coumber,
1074 3602 1258 3671 dominum
1292 3603 1492 3689 Johannem
1528 3603 1690 3685 Boulers,
1728 3604 1912 3674 dominum

401 3730 598 3799 Ricardum
627 3732 775 3801 Marche
795 3744 833 3801 et
853 3734 1036 3806 dominum
1058 3736 1279 3808 Wlllelmum
1301 3738 1473 3828 Symond
1494 3748 1685 3827 perpetuos
1707 3742 1912 3827 capellanos

400 3866 574 3937 Eborardi
602 3870 638 3937 le
666 3870 855 3959 Franceys,
886 3881 923 3939 et
952 3893 1171 3943 successores
1203 3896 1336 3957 eorum,
1372 3894 1420 3942 ex
1455 3873 1578 3955 altera,
1613 3872 1780 3941 videlicet
1815 3874 1911 3961 quod

399 4008 548 4096 predicti
587 4012 752 4081 dominus
791 4013 974 4098 Johannes
1017 4014 1194 4083 Coumber
1235 4022 1273 4081 et
1316 4010 1481 4080 dominus
1529 4010 1712 4095 Johannes
1748 4010 1909 4091 Boulers.

399 4146 595 4233 Capelleni,
625 4159 812 4219 eteorum
841 4171 1062 4220 successores
1091 4151 1130 4219 in
1154 4150 1307 4221 ecclesia
1338 4147 1465 4217 Sancti
1500 4146 1677 4228 Nicholai,
1714 4146 1908 4229 Bristollie,

398 4281 562 4351 dominus
599 4284 776 4354 Ricardus
814 4287 961 4355 Marche
996 4296 1033 4355 et
1068 4288 1235 4356 dominus
1270 4284 1474 4355 Willelmus
1510 4283 1682 4372 Symond,
1720 4283 1907 4371 Capeliani

397 4420 556 4505 predicti,
581 4431 619 4489 et
646 4442 767 4490 eorum
795 4442 1015 4491 successores
1040 4423 1080 4491 in
1109 4425 1249 4511 capella
1276 4426 1382 4491 beate
1410 4421 1525 4489 Maria
1549 4422 1596 4488 de
1623 4420 1661 4487 la
1690 4420 1906 4509 Redeclyue,

396 4556 518 4624 diuina
546 4558 697 4645 singulis
725 4560 851 4628 diebus
879 4561 949 4627 nisi
975 4561 1097 4628 valida
1124 4571 1163 4629 et
1198 4560 1321 4649 mauis
1356 4556 1544 4625 infirmitas
1579 4558 1638 4623 vel
1676 4556 1906 4627 racionabilis

396 4712 506 4761 causa
527 4714 590 4762 eos
618 4703 766 4807 excusat!
794 4714 860 4781 pro
889 4713 980 4781 pace
1008 4704 1045 4761 et
1074 4704 1170 4764 statu
1196 4696 1364 4763 Edwardi
1385 4694 1456 4761 Dei
1476 4693 1600 4781 gracia
1620 4692 1769 4761 illustris
1789 4694 1907 4783 Regis

395 4828 540 4917 Anglie,
578 4830 728 4897 Francie
772 4841 808 4897 et
845 4832 980 4899 domini
1016 4832 1190 4900 Hibernia
1202 4857 1212 4909 ς
1257 4842 1295 4899 et
1333 4852 1400 4917 pro
1436 4830 1625 4898 animabus
1659 4829 1834 4899 Eborardi
1869 4832 1905 4900 le

394 4967 573 5055 Franceys
606 4977 642 5033 et
672 4967 836 5052 Johanne
870 4968 991 5036 uxoris
1028 4990 1100 5051 sue,
1138 4980 1174 5037 et
1211 4970 1386 5038 Eborardi
1422 4968 1562 5051 Poulet,
1597 4977 1634 5035 et
1670 4988 1736 5056 pro
1769 4971 1904 5038 salubri

394 5112 489 5171 statu
518 5102 669 5170 Roberti
699 5102 822 5191 Gyene
850 5116 887 5171 et
914 5104 1069 5177 Isabelle
1095 5106 1242 5176 Toriton
1265 5111 1351 5177 dum
1378 5108 1533 5175 vixerint
1554 5115 1591 5173 et
1615 5126 1682 5193 pro
1714 5106 1901 5175 animabus
