4975 6309
726 710 823 801 dne
848 710 986 799 little
1011 709 1109 799 lieo
1135 710 1263 801 Boot
1288 710 1338 801 ot
1368 710 1557 803 titutol
1823 734 1893 807 207

389 922 639 991 transmittatis
682 942 746 1009 per
788 923 926 991 litteras
965 932 1102 993 vestras
1138 933 1303 1010 patentes
1338 925 1464 992 harum
1500 924 1628 993 seriem
1662 924 1896 991 continentes.

388 1060 523 1127 Datum
545 1063 612 1127 sub
635 1061 754 1149 sigillo
775 1071 898 1129 nostro
923 1064 1019 1148 apud
1043 1060 1259 1151 Chissebury
1283 1062 1420 1129 decimo
1443 1070 1569 1129 octauo
1591 1060 1768 1128 Kalendis
1787 1059 1898 1143 Junii,

391 1216 485 1265 anno
505 1197 653 1265 Domini
675 1199 864 1267 millesimo
886 1210 977 1269 eccm
998 1199 1098 1287 xviij.
1120 1198 1401 1267 consecracionis
1423 1209 1544 1266 nostre
1569 1200 1734 1266 secundo.
1778 1197 1897 1283 Hujus

391 1342 509 1399 autem
551 1332 661 1399 vestri
699 1334 911 1401 auctoritate
946 1332 1108 1399 mandati
1144 1351 1187 1399 ac
1223 1352 1288 1419 per
1322 1332 1528 1399 mandatum
1564 1330 1748 1398 reuerendi
1782 1331 1898 1417 patris

321 1438 325 1445 Ι
391 1469 525 1535 domini
553 1466 705 1536 Walteri
733 1469 884 1555 predicti
913 1468 1017 1536 nobis
1045 1464 1183 1535 sistitis
1213 1467 1441 1535 commissum
1471 1468 1517 1535 ad
1546 1465 1830 1534 denunciandum
1859 1466 1898 1533 in

391 1626 520 1693 genere
559 1624 683 1673 omnes
724 1617 759 1673 et
798 1606 960 1693 singulos
1000 1606 1039 1672 in
1077 1606 1295 1673 sentenciam
1334 1604 1715 1673 excommunicacionis
1754 1603 1900 1689 majoris

391 1742 471 1829 ipso
499 1740 594 1809 facto
627 1742 901 1828 dampnabiliter
937 1741 1103 1809 incidisse
1139 1742 1200 1827 qui
1233 1752 1349 1808 cartas
1385 1751 1422 1808 et
1458 1742 1688 1822 munimenta,
1721 1740 1804 1826 iura
1838 1746 1901 1805 aut

393 1881 463 1947 alia
505 1880 601 1946 bona
643 1878 775 1945 dictam
824 1878 1011 1945 ecclesiam
1062 1886 1124 1945 aut
1170 1877 1427 1945 fraternitatem
1472 1876 1724 1944 concernencia
1770 1876 1901 1962 injuste

392 2017 626 2097 detinuerunt,
665 2024 727 2081 aut
761 2017 842 2101 jura
880 2026 917 2083 et
959 2016 1141 2082 libertates
1181 2014 1373 2081 eorundem
1411 2023 1543 2081 temere
1579 2012 1798 2099 intregenmt
1837 2032 1901 2079 seu

393 2152 661 2238 impediuemnt,
691 2172 830 2219 necnon
859 2153 905 2218 ad
933 2152 1181 2237 inquirendum
1209 2150 1357 2219 vlterius
1386 2151 1426 2217 in
1450 2151 1563 2217 forma
1585 2150 1675 2236 juris
1700 2150 1745 2215 de
1767 2149 1911 2215 eisdem·

394 2291 440 2354 ad
470 2308 577 2374 quam
607 2288 876 2373 inquisicionem
902 2288 1100 2356 faciendam
1125 2288 1262 2355 vocatis
1286 2299 1322 2354 et
1348 2286 1477 2367 citatis,
1508 2288 1639 2354 abbate
1663 2296 1700 2353 et
1724 2295 1902 2353 conuentu
2005 2288 2009 2296 '

395 2422 518 2489 Sancti
545 2422 752 2511 Augustini,
782 2423 973 2505 Bristollie,
1002 2443 1068 2509 per
1096 2424 1238 2489 fratrem
1263 2419 1464 2508 Johannem
1493 2423 1539 2489 de
1559 2422 1655 2509 Ieye
1675 2440 1797 2489 eorum
1819 2439 1903 2486 oon·

394 2560 602 2628 canonicum
649 2571 685 2627 et
729 2570 990 2647 procuratorem
1027 2579 1070 2627 ac
1112 2561 1218 2627 certis
1260 2522 1498 2646 burgensibus
1537 2558 1719 2627 Bristollie
1760 2556 1905 2625 nomine

396 2698 544 2783 Majoris
580 2708 616 2763 et
651 2694 924 2765 communitatis
957 2698 1046 2764 ville
1081 2697 1238 2783 predicte
1275 2696 1425 2782 aliisque
1460 2696 1654 2764 rectoribus
1690 2704 1726 2761 et
1761 2694 1905 2760 vicariis
1951 2716 1954 2720 ·

397 2835 481 2901 dicti
510 2835 715 2917 decanatus,
744 2835 958 2920 quibusdam
987 2834 1221 2921 personaliter
1248 2844 1285 2901 et
1314 2834 1527 2919 quibusdam
1559 2852 1623 2919 per
1658 2843 1905 2920 procuratores

397 2989 516 3037 coram
552 2970 656 3036 nobis
691 2969 729 3035 in
761 2970 923 3037 Ecclesia
961 2966 1129 3034 Omnium
1162 2966 1375 3035 Sanctorum
1417 2968 1578 3055 predicta
1620 2968 1907 3055 comparentibus

397 3108 651 3196 processimus;
691 3126 756 3195 per
793 3127 899 3193 quam
938 3107 1138 3173 inuenimus
1174 3108 1270 3193 quod
1306 3108 1393 3174 olim
1433 3108 1530 3175 dicta
1564 3106 1766 3175 fraternitas
1801 3125 1907 3173 voca·

398 3248 502 3313 batur
530 3246 620 3329 3ilda
647 3264 711 3313 seu
740 3245 866 3311 Fraria
894 3244 1158 3311 communitatis
1186 3244 1272 3311 cleri
1300 3255 1337 3311 et
1368 3246 1493 3331 populi
1522 3244 1715 3327 Bristollie,
1746 3254 1782 3311 et
1808 3245 1907 3311 locus

398 3384 689 3472 congregacionis
717 3383 865 3450 fratrum
890 3393 928 3451 et
956 3402 1115 3450 sororum
1143 3384 1302 3469 eiusdem
1329 3382 1398 3449 fuit
1417 3383 1569 3451 vsitatus
1591 3380 1687 3467 apud
1709 3378 1907 3447 Ecclesiam

398 3524 531 3593 Sancte
566 3522 763 3605 Trinitatis
800 3523 994 3603 Bristollie,
1032 3523 1252 3609 temporibus
1294 3520 1479 3609 Aylwardi
1521 3518 1631 3586 Mean
1674 3526 1711 3582 et
1746 3516 1909 3582 Bristrici

397 3662 462 3730 filii
491 3664 659 3751 ejusdem,
689 3662 912 3729 dominorum
941 3660 1034 3728 dicte
1063 3660 1148 3726 ville
1177 3670 1261 3727 ante
1290 3668 1521 3745 conquestum
1549 3656 1713 3722 ultimum
1749 3654 1906 3740 Anglie;

400 3799 499 3885 cujus
527 3798 616 3881 3ilde
640 3806 677 3863 et
706 3796 828 3863 Frarie
858 3796 1071 3882 principium
1099 3796 1307 3863 memoriam
1334 3794 1490 3860 hominis
1518 3791 1676 3867 excedit;
1721 3796 1803 3874 post
1824 3805 1908 3854 vero

399 3942 628 4020 conquestum
658 3934 875 4019 temporibus
903 3932 1077 3999 Willelmi
1106 3932 1273 4000 Bastardi
1299 3953 1342 3999 ac
1369 3930 1543 4000 Willelmi
1572 3927 1659 3996 Rufi
1681 3938 1718 3994 et
1747 3924 1907 4007 Henrici,

400 4072 543 4160 Regum
579 4072 713 4159 Anglie
749 4072 928 4158 gradatim
965 4072 1242 4153 succedencium,
1281 4090 1420 4137 necnon
1450 4066 1601 4136 Roberti
1629 4063 1695 4131 filii
1732 4061 1909 4129 Hamonis

401 4210 566 4279 Consulis
610 4208 829 4276 Glaucestrie
874 4230 916 4274 ac
960 4208 1094 4275 domini
1141 4207 1334 4288 Bristollie,
1379 4225 1421 4274 ac
1464 4204 1661 4310 fundatoris
1704 4196 1909 4268 monasterii

399 4348 647 4427 Teukesburie‚
680 4357 717 4413 et
753 4348 1006 4431 subsequenter
1040 4356 1199 4432 tempore
1235 4345 1370 4412 domini
1407 4340 1582 4429 Stephani
1619 4339 1735 4425 Regis
1771 4336 1908 4423 Anglie

401 4484 573 4571 capientis
600 4485 722 4550 villam
752 4483 910 4550 Bristoll.
936 4503 1000 4569 per
1035 4504 1199 4570 guerram
1236 4485 1281 4551 de
1317 4482 1478 4550 Roberto
1510 4478 1648 4547 Comite
1676 4472 1908 4573 Glaucestrie,

400 4622 585 4688 fundatore
614 4620 790 4705 prioratus
820 4618 945 4687 Sancti
968 4619 1093 4703 Jacobi
1118 4630 1155 4687 et
1179 4619 1295 4688 Castri
1323 4618 1504 4685 Bristollie
1534 4637 1576 4683 ac
1605 4611 1773 4682 domino.¹
1829 4608 1910 4697 Quo

402 4756 506 4845 Rege
535 4756 719 4843 Stephano
748 4755 923 4837 defuncto,
954 4766 1113 4843 tempore
1140 4756 1276 4823 domini
1304 4754 1452 4823 Henrici
1480 4752 1546 4819 lilii
1571 4751 1723 4817 Matilde
1752 4748 1911 4833 Impera·

401 4896 509 4975 tricis,
554 4894 670 4981 Regis
706 4894 852 4981 Anglie,
890 4894 1034 4979 quidam
1071 4894 1253 4961 Robertus
1290 4893 1457 4979 Harding
1491 4889 1680 4977 burgensis
1717 4884 1910 4965 Bristollie,

401 5052 465 5119 per
494 5050 704 5098 consensum
741 5030 827 5097 dicti
863 5009 981 5117 ⁴Regis
1022 5030 1169 5099 Henrici
1209 5042 1245 5099 et
1287 5030 1439 5098 Roberti
1478 5026 1639 5108 Comitis,
1678 5044 1722 5092 ac
1761 5023 1909 5091 aliorum

1048 5174 1060 5206 ¹
1077 5176 1138 5228 MS.
1155 5176 1260 5228 domini.
1269 5202 1288 5223 .
