4975 6309
578 751 651 821 216
918 740 1015 834 tiu
1038 740 1178 832 little
1201 740 1301 833 tiso
1325 738 1455 832 30011
1478 738 1530 828 oi
1553 739 1741 833 3115101.

575 952 734 1021 concessi
761 954 919 1040 predicto
948 954 1093 1024 domino
1120 954 1240 1025 Devld
1268 954 1412 1041 eteius
1438 956 1699 1023 messoribus
1734 954 1931 1042 espeilsnis
1964 964 2079 1025 tntum

572 1090 661 1159 illud
689 1100 930 1159 tenementum
958 1110 1077 1161 meum
1091 1112 1185 1160 ¹cum
1214 1092 1290 1159 suis
1317 1089 1548 1177 pertinenciis
1577 1091 1674 1176 quod
1708 1088 1913 1158 willelmus
1946 1090 2080 1159 Bekes·

571 1228 674 1294 welle
701 1228 761 1295 die
789 1228 1023 1299 confessionis
1051 1226 1273 1313 presencium
1304 1226 1430 1307 tenuit,
1467 1226 1637 1295 situsmm
1673 1226 1712 1295 in
1749 1230 1876 1297 eodem
1911 1230 2080 1299 suburbio

572 1382 679 1452 super
726 1367 874 1435 haecum
923 1365 1078 1433 Abbone
1127 1364 1219 1431 luter
1269 1381 1491 1430 communem
1541 1362 1638 1431 viem
1695 1363 1828 1433 ibidem
1877 1384 1925 1432 ex
1976 1374 2078 1452 parte

573 1500 794 1583 oocidentali
829 1511 867 1569 et
901 1508 1141 1569 tenementum
1176 1518 1290 1587 nuper
1324 1498 1474 1567 Riserdi
1508 1494 1649 1569 Horlok
1683 1520 1731 1569 ex
1763 1510 1867 1587 purte
1900 1495 2075 1583 odenffli,

572 1646 610 1705 et
644 1636 802 1704 continet
837 1636 1088 1725 septemdecim
1123 1636 1233 1722 pedes
1269 1644 1306 1703 et
1339 1646 1422 1703 octo
1464 1636 1613 1723 pollione
1649 1636 1689 1704 in
1725 1638 1925 1719 latitudine,
1960 1649 1998 1707 et
2036 1639 2075 1707 in

570 1772 793 1859 longitudine
835 1772 964 1861 viginti
1007 1784 1144 1861 septem
1180 1776 1291 1862 pedes
1325 1785 1363 1843 et
1397 1784 1480 1843 octo
1521 1776 1681 1863 pollices.
1745 1776 1842 1845 Dedi
1882 1778 1996 1845 οοίεω
2038 1788 2076 1845 et

571 1908 730 1976 concessi
758 1918 795 1976 et
822 1909 891 1977 hec
918 1912 1075 1996 presenti
1104 1920 1202 1979 curte
1230 1930 1313 1979 mes
1340 1908 1547 1979 oonfirmeui
1581 1910 1741 1997 predicto
1775 1911 1920 1978 domiuo
1955 1911 2075 1980 David

571 2052 609 2111 et
643 2044 721 2130 eius
756 2046 1016 2115 successoribus
1050 2046 1247 2133 espeumls
1285 2056 1400 2116 totum
1442 2048 1531 2119 illud
1566 2056 1806 2117 tenementum
1840 2068 1959 2117 meum
1994 2068 2075 2117 cum

573 2177 647 2246 suis
674 2179 902 2266 pertinenciis
930 2181 967 2248 in
996 2201 1067 2268 quo
1095 2181 1221 2270 Agnes
1243 2178 1358 2251 Golde
1379 2194 1416 2251 et
1437 2183 1615 2252 Ricardus
1637 2193 1711 2253 stte
1732 2182 1883 2266 Wodde,
1904 2184 2074 2267 Telllour,

572 2314 631 2382 die
670 2316 905 2385 confessionis
946 2320 1178 2405 presencium,
1215 2318 1504 2388 inhabitsuerunt
1535 2320 1628 2389 inter
1662 2329 1901 2392 tenementum
1940 2321 2077 2390 home

571 2448 840 2541 Glustyngbury
867 2474 914 2521 ex
948 2464 1050 2541 purte
1086 2454 1310 2537 occidentali,
1346 2465 1384 2525 et
1418 2466 1659 2525 tenementum
1695 2455 1844 2525 Heurici
1878 2456 2076 2546 Cobyndon

569 2598 609 2656 et
637 2588 786 2657 Ricardi
813 2588 983 2659 Pesutrer
1011 2610 1058 2657 ex
1086 2600 1188 2677 perte
1215 2590 1391 2671 orientali,
1420 2599 1458 2658 et
1486 2592 1645 2661 eontinet
1679 2594 1719 2660 in
1753 2593 1941 2662 latitudine
1971 2595 2076 2681 juxte

572 2726 667 2793 viem
710 2726 846 2813 regiam
889 2728 1019 2815 viginti
1054 2737 1206 2816 quatuor
1248 2727 1397 2815 septem¹
1434 2731 1545 2815 pedes
1583 2739 1621 2797 et
1656 2739 1738 2798 octo
1773 2718 1931 2817 pollices,
1965 2740 2004 2799 et
2037 2731 2077 2799 in

570 2860 794 2947 longitudine
823 2863 1000 2931 sexdecim
1028 2866 1137 2950 pedes
1166 2874 1202 2931 et
1231 2864 1382 2933 sinimur
1409 2866 1448 2932 in
1476 2852 1662 2933 suburbio'
1677 2866 1837 2953 predicto
1871 2866 1911 2934 iu
1947 2866 2076 2935 lede·

572 3006 751 3085 wynstret
816 3000 911 3068 Dedi
950 3000 1063 3069 eciem
1100 3011 1137 3069 et
1175 3002 1335 3069 concessi
1371 3002 1538 3089 predicto.
1569 3002 1715 3071 domino
1757 3002 1877 3071 David
1919 3013 1957 3070 et
1999 3004 2077 3089 elus

569 3134 832 3202 suecessoribus
859 3138 1054 3223 capellanis
1083 3147 1196 3205 totum
1226 3138 1316 3206 illud
1344 3148 1585 3207 tenementum
1620 3158 1702 3206 cum
1738 3138 1813 3205 suis
1846 3136 2076 3224 pertinenciis

504 3294 508 3300 ·
568 3272 665 3357 quod
702 3270 881 3341 Ricardus
918 3268 1114 3363 Cobyndon
1161 3277 1207 3344 de
1244 3296 1305 3344 me
1348 3284 1447 3343 tenet
1496 3274 1590 3343 inter
1639 3282 1879 3341 tenementum
1922 3272 1962 3339 in
2003 3291 2076 3358 quo

567 3408 751 3491 Johannes
779 3410 1018 3499 Balteeburgh
1046 3412 1104 3481 die
1132 3411 1366 3481 confessionis
1394 3412 1614 3498 pmrencium
1642 3408 1857 3477 inhabitsuit
1891 3426 1939 3475 ex
1972 3415 2074 3493 perte

570 3565 642 3611 vna
669 3556 707 3612 et
741 3556 979 3616 tenementum
1016 3569 1132 3617 meum
1168 3551 1264 3635 quod
1298 3549 1481 3633 Johsnnes
1514 3547 1736 3635 Thornbury,
1772 3544 1902 3626 Bsker,
1937 3543 1985 3611 ds
2018 3562 2076 3611 ms

568 3688 669 3749 tenet
696 3702 744 3749 ex
769 3694 871 3769 perte
900 3686 1022 3766 alters,
1051 3695 1089 3753 et
1116 3686 1275 3753 eontinet
1310 3686 1348 3752 in
1385 3686 1574 3753 latitudine
1614 3682 1745 3771 viginti
1783 3690 1936 3768 quatuor
1968 3680 2079 3767 pedes

567 3827 608 3883 et
641 3820 796 3910 quinque
834 3822 991 3907 pollines,
1032 3830 1069 3889 et
1112 3822 1151 3889 in
1194 3820 1419 3909 longitudine
1462 3830 1614 3901 centum,
1663 3818 1854 3905 sexaginte
1895 3825 1933 3883 et
1966 3834 2076 3883 vnum

569 3956 699 4041 pedem
733 3954 809 4046 (sr'c)
842 3968 879 4026 et
906 3959 1060 4052 situatur
1085 3958 1124 4026 in
1151 3958 1248 4027 dicto
1276 3956 1446 4025 suburbio
1474 3976 1581 4043 super
1605 3957 1754 4023 Mecum
1775 3952 1940 4021 Abboue.
1983 3949 2079 4019 Dedi

572 4092 717 4178 insuper
743 4104 781 4160 et
809 4094 967 4163 concessi
995 4104 1032 4161 et
1058 4094 1127 4161 hec
1155 4094 1312 4181 presenti
1340 4102 1439 4161 certe
1473 4112 1555 4160 mes
1589 4091 1796 4161 coufirmsui
1830 4086 2077 4177 prenominato

570 4228 693 4296 David
720 4240 757 4298 et
785 4232 861 4319 ejus
890 4233 1150 4301 successoribus
1186 4232 1381 4319 capellanis
1416 4240 1530 4300 totum
1565 4230 1654 4297 illud
1669 4225 1672 4230 ’
1690 4236 1931 4300 tenementum
1958 4242 2077 4293 meum

568 4360 652 4434 cum
689 4366 763 4435 suis
797 4370 1024 4454 pertinenciis
1059 4370 1153 4455 quod
1187 4369 1370 4452 Johennes
1404 4368 1625 4454 Thornbury,
1661 4364 1790 4446 Baiter,
1818 4382 1915 4433 nune
1941 4364 1988 4431 de
2015 4381 2074 4429 me

568 4512 671 4572 tenet
692 4503 860 4571 situatum
882 4505 920 4571 ln
940 4505 1037 4572 dicto
1058 4504 1226 4573 suburbio
1247 4523 1354 4592 super
1373 4504 1521 4571 beccum
1543 4500 1698 4569 Abbons
1716 4500 1816 4567 inter
1838 4488 2077 4567 tenementum

576 4658 693 4706 meum
721 4640 817 4725 quod
845 4640 1024 4726 predictus
1059 4640 1237 4707 Ricardus
1272 4639 1470 4729 Cobyndon
1505 4637 1683 4707 inhabitat
1717 4655 1765 4705 ex
1798 4644 1901 4723 perte
1935 4653 2009 4702 vus
2042 4642 2080 4700 et

570 4785 819 4843 ¹tenementum
857 4776 938 4845 Ade
975 4776 1119 4846 Velter'e
1155 4798 1202 4845 ex
1240 4787 1343 4865 purte
1379 4778 1504 4858 alters,
1541 4785 1579 4843 et
1615 4772 1774 4843 continet
1816 4771 1856 4838 in
1892 4768 2081 4838 lstimdine

649 4954 2085 5034 ²uheuS.redsun;pomelysomeeonneenunmsenmnssmuumemelnuepeeedng

570 5077 730 5147 W
1416 5090 1422 5101 ,
