4975 6309
569 758 641 830 204
902 729 1000 820 dhe
1025 728 1164 819 little
1188 728 1287 818 fieb
1312 727 1440 817 sicot
1465 727 1516 818 ot
1546 727 1733 821 Bustot

566 944 661 1013 facta
704 942 932 1012 absolucicne
969 964 992 1010 a
1028 944 1271 1011 sacerdotibus
1305 951 1390 1029 post
1424 940 1582 1010 defuncti
1616 942 1932 1011 intumulacionem
1967 962 2077 1009 unus·

566 1082 716 1169 quisque
759 1080 856 1147 licite
899 1080 1020 1147 redeat
1063 1080 1110 1145 ad
1152 1079 1307 1168 propria.
1365 1076 1504 1147 Eadem
1540 1078 1600 1147 die
1630 1078 1873 1167 unusquisque
1913 1080 2077 1147 sacerdos

567 1216 863 1286 confraternitatis
893 1215 1260 1297 Commendacionem,
1291 1215 1445 1283 Placebc
1472 1226 1511 1284 et
1534 1216 1663 1305 Dirige
1691 1236 1759 1305 pro
1780 1216 1902 1285 anima
1923 1215 2079 1285 defuncti

486 1390 491 1401 ·
566 1353 715 1441 incipiat
743 1363 780 1420 et
808 1352 904 1419 dicat
934 1352 1086 1439 singulis
1114 1350 1211 1417 feriis
1248 1361 1284 1419 et
1319 1351 1421 1420 festis
1455 1352 1562 1419 trium
1592 1352 1790 1423 leccicnum
1824 1371 1889 1440 per
1930 1352 2080 1440 triginta

567 1488 654 1573 dies,
682 1497 721 1555 et
749 1486 916 1555 infestis
944 1486 983 1553 ix
1011 1487 1206 1555 lectionum
1235 1497 1317 1575 post
1347 1490 1520 1557 secundas
1547 1508 1718 1577 vesperas
1746 1489 1818 1557 nisi
1848 1488 1887 1556 in
1922 1488 2094 1574 οῐειεῐίιιον

566 1626 695 1695 festum
717 1626 756 1693 ix
776 1624 972 1693 leccionum
1003 1626 1248 1711 subsequatur,
1277 1644 1358 1694 cum
1386 1626 1426 1695 ix
1454 1626 1605 1715 psalnus
1632 1637 1670 1695 et
1690 1627 1739 1722 iij!
1752 1626 1981 1709 leccionibus,
2009 1626 2080 1695 nisi

567 1766 605 1833 in
634 1777 793 1850 tempore
821 1762 982 1849 paschali
1010 1763 1049 1831 in
1077 1782 1149 1849 quo
1178 1782 1259 1831 cum
1287 1764 1402 1833 tribus
1433 1765 1584 1851 psalmis
1611 1774 1649 1833 et
1675 1765 1714 1853 iij
1752 1766 1971 1833 leccionibus
2005 1764 2076 1831 dici

567 1903 694 1983 solent,
709 1910 746 1967 et
763 1899 915 1987 singulis
936 1898 1061 1967 diebus
1083 1898 1295 1987 trigintariis
1316 1902 1363 1969 ad
1384 1902 1531 1971 missam
1551 1902 1737 1971 collectam
1758 1922 1868 1970 unam
1885 1900 2075 1989 specialem

567 2058 646 2106 cum
675 2035 904 2123 pertinenciis
933 2035 1028 2102 dicat
1057 2054 1122 2123 pro
1158 2034 1323 2104 defuncto
1358 2038 1429 2106 nisi
1464 2039 1598 2128 duplex
1632 2038 1763 2107 festum
1803 2036 2004 2123 impedierit
2042 2045 2079 2103 et

567 2177 662 2262 quod
691 2174 841 2241 dilatum
870 2172 975 2241 merit
1003 2173 1041 2239 in
1070 2174 1204 2259 duplici
1231 2184 1447 2244 restauretur
1475 2174 1515 2241 in
1543 2174 1709 2261 simplici
1753 2172 1860 2261 Quod
1888 2174 1923 2241 si
1956 2172 2077 2260 plures

566 2310 658 2379 infra
686 2310 836 2399 triginta
863 2310 940 2377 dies
968 2310 1121 2378 obierint
1149 2332 1221 2379 vna
1246 2313 1396 2381 collecta
1419 2311 1557 2379 dicatur
1581 2332 1647 2400 pro
1672 2312 1837 2381 omnibus
1859 2309 1908 2379 et¹
1932 2310 1965 2379 si
1986 2308 2078 2378 alius

566 2468 673 2537 quam
702 2446 867 2515 sacerdos
895 2446 1022 2515 obierit
1050 2454 1174 2515 omnes
1200 2446 1393 2517 confratres
1413 2451 1461 2516 sd
1481 2450 1652 2537 exequias
1672 2448 1829 2518 defuncti
1852 2448 2078 2528 conueniant,

567 2598 604 2655 et
650 2584 689 2653 in
737 2584 893 2653 mastino
941 2603 1069 2671 corpus
1108 2586 1355 2657 tumulandum
1394 2588 1587 2675 precedant
1629 2597 1666 2656 et
1711 2588 1759 2655 ad
1802 2587 1951 2653 musam
1994 2602 2079 2651 suas

568 2720 772 2790 oblaciones
793 2720 942 2796 faciant;
972 2718 1146 2788 tumulato
1165 2740 1250 2791 vero
1270 2722 1436 2793 defuncto
1456 2726 1625 2793 recedant
1645 2724 1772 2792 fratroe
1794 2744 1865 2810 quo
1885 2721 2076 2797 voluerint3

567 2859 692 2927 diebus
731 2856 849 2925 clerici
885 2876 968 2925 vero
1003 2868 1040 2925 et
1076 2856 1159 2925 laici
1194 2859 1352 2929 habeant
1386 2862 1543 2938 animam
1580 2862 1736 2931 defuncti
1770 2870 1844 2929 tam
1881 2857 2089 2943 sacerdotis¹

566 3014 675 3082 quam
704 2995 787 3063 laici
815 2994 854 3060 in
883 2994 1089 3063 memoriam
1117 3014 1181 3080 par
1208 2996 1361 3083 triginta
1385 2999 1464 3067 dies
1491 3020 1571 3067 cum
1593 3020 1642 3065 xv
1671 2998 1778 3066 Pater
1805 2996 1937 3064 Noster
1964 3002 2003 3061 et
2028 2978 2078 3059 nv

413 3186 419 3198 .
472 3184 479 3200 .
567 3132 649 3200 Aue
669 3130 797 3211 Maria,
819 3138 856 3197 et
876 3140 994 3218 preter
1014 3130 1080 3198 hec
1101 3129 1231 3198 cotidie
1251 3131 1316 3219 aiij
1339 3132 1446 3201 Pater
1466 3135 1598 3203 Noster
1618 3143 1657 3201 et
1676 3133 1739 3223 xiij
1768 3130 1851 3201 Aue
1874 3130 1992 3197 Maria
2013 3148 2080 3215 pro

567 3270 660 3337 viuis
688 3280 725 3337 ct
752 3266 927 3337 defunctis
956 3268 1001 3335 de
1029 3265 1318 3337 confraternitate
1353 3270 1486 3339 dicant.
1531 3268 1637 3356 Quod
1672 3270 1707 3339 si
1742 3267 1977 3357 personaliter
2011 3266 2080 3333 hoc

567 3407 682 3474 facere
710 3426 782 3473 non
811 3404 965 3491 poterint
993 3404 1199 3493 perquirant
1226 3406 1324 3475 licite
1351 3408 1414 3495 qui
1441 3427 1507 3495 pro
1528 3426 1568 3475 se
1589 3426 1716 3493 preces
1736 3406 1852 3475 dictas
1872 3403 2079 3492 persotmu

566 3544 624 3613 vel
651 3562 718 3630 pro
745 3540 853 3609 fratre
881 3540 1046 3609 deiirnctc
1074 3561 1181 3609 unam
1210 3542 1356 3613 missam
1386 3554 1531 3613 cantare
1560 3542 1706 3611 ladam
1761 3540 1804 3611 Si
1833 3542 1928 3610 inter
1954 3538 2082 3608 stenes

566 3682 625 3749 vel
661 3700 798 3749 sorores
834 3688 932 3747 mota
965 3677 1072 3747 fuerit
1113 3679 1291 3749 discordia
1325 3692 1362 3750 et
1396 3682 1466 3751 boc
1500 3683 1549 3751 sd
1583 3682 1739 3768 priorem
1779 3678 2080 3749 oenfratemitatis

568 3816 812 3905 Kalendarum
841 3816 1041 3903 pervenerit
1068 3816 1116 3883 ad
1144 3817 1440 3887 conuocacicnem
1468 3818 1541 3888 diei
1572 3816 1708 3887 manus
1742 3826 1864 3905 partes
1900 3814 2080 3883 discordes

568 3963 806 4025 conuocentur
848 3974 895 4021 ex
937 3953 1085 4021 arbitrio
1127 3952 1274 4023 frenum
1316 3955 1497 4023 discordes
1538 3952 1629 4022 fiant
1663 3954 1851 4023 unanimes
1886 3950 1919 4019 si
1953 3960 2082 4019 nauum

570 4092 711 4179 negocii
747 4093 815 4159 boc
846 4091 1020 4178 paciatur.
1079 4090 1148 4159 Ille
1178 4111 1263 4159 vero
1299 4112 1364 4179 per
1398 4112 1505 4181 quern
1545 4090 1684 4161 steterit
1718 4089 1909 4177 quominus
1939 4106 2014 4176 pax
2044 4094 2081 4153 et

571 4228 713 4297 dilectio
745 4226 954 4295 reformetur
982 4228 1075 4295 inter
1102 4226 1229 4297 irrues
1265 4229 1443 4299 communi
1477 4226 1626 4297 samm
1662 4224 1809 4295 arbitrio
1844 4226 1878 4292 si
1913 4242 1953 4293 se
1987 4220 2081 4291 infra

571 4364 770 4452 proximam
790 4361 1085 4429 conuocacionem
1111 4363 1158 4428 ad
1178 4362 1325 4431 musam
1350 4364 1397 4433 de
1416 4384 1540 4433 mense
1565 4384 1637 4435 non
1659 4362 1857 4434 cohibuerit
1877 4372 1916 4431 et
1935 4354 2083 4430 arbitris

570 4498 784 4569 confratrum
813 4518 955 4567 senon
983 4498 1206 4565 inclinauerit
1242 4498 1368 4587 regule
1402 4500 1701 4569 confraternitatis
1736 4519 1759 4568 a
1793 4496 2082 4569 confraternitate

571 4657 611 4704 se
639 4644 764 4753 npscat
792 4631 1034 4725 abscis[s]um.
1078 4633 1120 4702 Si
1147 4635 1276 4721 aliquis
1305 4637 1351 4703 de
1378 4634 1613 4707 confratribus
1641 4638 1680 4706 in
1705 4639 1892 4725 langorem
1913 4617 2084 4705 deciderit

571 4782 609 4841 et
644 4772 782 4859 eguerit
804 4791 868 4858 per
903 4792 1012 4839 vnum
1047 4791 1180 4841 annum
1210 4773 1255 4841 de
1290 4774 1486 4843 elemosina
1519 4774 1735 4845 confratrum
1769 4783 1986 4843 sustentetur
2023 4773 2082 4841 vel

573 4930 637 4999 per
665 4908 836 4978 auxilium
865 4908 1023 4977 omnium
1053 4908 1266 4978 confratrum
1295 4909 1333 4977 in
1362 4910 1507 4998 aliquod
1541 4911 1720 4998 hospitale
1756 4908 1997 4979 amsferstm
2041 4904 2083 4977 Si

573 5049 653 5134 quis
682 5046 904 5123 sacerdotum
933 5047 980 5113 ad
1009 5046 1138 5115 misem
1166 5046 1255 5114 feria
1279 5050 1436 5117 secunda
1463 5050 1501 5117 in
1530 5048 1706 5137 principio
1733 5050 1923 5137 cujuslibet
1949 5045 2083 5115 mensis

1257 5183 1396 5238 ursas
