4975 6309
753 777 850 870 dte
873 775 1012 867 little
1036 776 1134 867 ileo
1159 778 1288 868 Boot
1312 776 1363 867 ot
1393 776 1581 868 Bnetol.
1845 802 1914 873 2³1

413 990 590 1058 suburbiis
618 992 776 1077 ejusdem
805 999 845 1058 vt
865 990 1062 1077 predictum
1092 1000 1156 1071 est,
1187 1010 1325 1058 necnon
1364 991 1477 1071 terris,
1507 991 1728 1071 tenementis,
1757 990 1846 1057 locis
1879 1000 1919 1058 et

411 1126 525 1193 ieod'm
562 1128 730 1227 predictis
768 1128 859 1195 intra
899 1128 1118 1213 procinctum
1155 1125 1312 1213 ejttsdem
1347 1127 1433 1195 ville
1470 1126 1628 1196 Bristoll.
1668 1138 1705 1195 et
1748 1128 1919 1195 suburbia

411 1265 569 1351 ejusdem
608 1266 766 1332 habeant
799 1273 836 1332 et
872 1263 1070 1351 percipiant
1110 1264 1157 1331 ad
1191 1262 1422 1332 'scaccarium
1466 1274 1625 1332 nostrum
1667 1276 1705 1333 et
1745 1265 1914 1332 heredum

411 1410 610 1471 nostrorum
647 1421 712 1489 per
749 1420 877 1469 manus
904 1400 1121 1468 vicecomitis
1150 1409 1187 1467 et
1214 1402 1428 1467 balliuorum
1456 1401 1660 1469 libertatum
1689 1401 1729 1468 in
1767 1421 1915 1489 quorum

410 1538 554 1605 balliuis
581 1538 711 1605 brerint
739 1539 831 1606 sicut
859 1558 925 1605 nos
954 1546 990 1604 et
1015 1538 1162 1604 heredes
1190 1540 1304 1605 nostri
1332 1558 1377 1605 ea
1403 1538 1665 1625 perciperemus
1699 1539 1732 1605 si
1767 1539 1814 1606 ad
1849 1558 1916 1607 nos

408 1684 444 1742 et
473 1677 620 1743 heredes
648 1684 788 1743 nostros
823 1674 999 1761 pertinere
1036 1674 1191 1757 poterint
1229 1675 1307 1743 sine
1345 1676 1533 1743 occasione
1568 1677 1627 1742 vel
1662 1676 1916 1763 impedimento

408 1812 520 1879 nostri
545 1813 606 1890 ,vel
633 1813 803 1879 heredum
827 1820 1026 1879 nostrorum
1049 1820 1112 1876 aut
1132 1810 1346 1879 balliuorum
1368 1832 1431 1878 seu
1453 1812 1693 1879 ministrorum
1714 1821 1914 1880 nostrorum

407 1968 716 2036 quorumcumque,
761 1950 792 2014 si
827 1967 907 2015 eam
951 1948 989 2013 in
1032 1965 1141 2013 manu
1180 1957 1302 2015 nostra
1343 1948 1620 2017 retinuissemus.
1677 1948 1727 2017 Et
1769 1950 1915 2018 vlterius

408 2086 646 2155 concessimus
695 2087 791 2172 quod
832 2084 940 2152 iidem
985 2082 1100 2168 Major
1143 2094 1179 2151 et
1223 2084 1468 2153 communitas
1509 2095 1547 2153 et
1589 2105 1810 2155 successores
1859 2088 1916 2155 sui

406 2224 564 2291 habeant
627 2234 665 2291 et
721 2230 876 2303 teneant,
935 2222 1086 2288 durante
1142 2222 1295 2288 termino
1358 2221 1528 2306 predicto,
1595 2223 1728 2290 dictam
1791 2222 1914 2291 villam

263 2338 267 2347 ¹
408 2361 564 2430 Bristoll
623 2381 703 2428 cum
769 2359 946 2427 suburbiis
1010 2356 1182 2443 ejusdem,
1241 2376 1380 2424 necnon
1437 2366 1560 2439 terras,
1613 2368 1650 2425 et
1700 2368 1913 2439 tenementa,

408 2502 486 2567 loca
528 2508 566 2566 et
617 2497 723 2565 feoda
778 2496 949 2583 predicta,
999 2498 1103 2566 dictis
1147 2496 1274 2565 Castro
1325 2504 1362 2561 et
1410 2472 1554 2563 fossatis
1606 2496 1777 2583 exceptis,
1831 2516 1916 2563 cum

406 2634 613 2702 francbesiis
663 2645 700 2701 et
750 2634 974 2701 libertatibus
1024 2634 1157 2701 eisdem
1206 2631 1508 2719 qualitercumque
1550 2634 1794 2718 spectantibus
1837 2634 1917 2700 siue

406 2770 674 2857 pertinentibus,
696 2790 847 2838 unacum
868 2769 1010 2853 finibus,
1032 2769 1351 2857 redempcionibus,
1380 2768 1536 2835 exitibus
1560 2778 1598 2835 et
1619 2768 1915 2852 amerciameutis,

406 2906 546 2975 catallis
573 2906 811 2993 vtlegatorum
840 2914 878 2973 et
905 2904 1147 2992 fugitiuorum,
1180 2904 1331 2973 escaetis
1366 2914 1403 2971 et
1438 2903 1679 2985 forIsfacturis,
1717 2906 1916 2973 deodandis

407 3042 499 3109 inira
526 3043 746 3130 procinctum
769 3042 865 3121 ville,
894 3042 1100 3108 comitatum
1129 3050 1166 3107 et
1195 3040 1365 3108 suburbia
1398 3039 1557 3127 predicta
1592 3049 1630 3107 et
1658 3041 1801 3127 singula
1835 3043 1916 3109 loca

256 3242 264 3261 ,
308 3248 315 3262 ,
406 3190 481 3249 tam
517 3200 581 3266 per
620 3188 750 3246 terram
789 3198 897 3265 quam
933 3198 999 3264 per
1038 3196 1168 3263 aquam
1209 3176 1302 3243 infra
1340 3174 1522 3245 libertates
1559 3187 1597 3246 et
1628 3178 1914 3265 jurisdiccionem

406 3318 597 3385 eorundem
627 3314 868 3384 accidentibus
897 3334 978 3381 cum
1007 3314 1172 3379 omnibus
1201 3312 1284 3379 aliis
1304 3310 1470 3399 proficuis
1493 3313 1627 3381 ibidem
1652 3316 1914 3391 accidentibus;

407 3456 562 3523 aceciam
602 3455 723 3522 omnia
760 3450 919 3538 proficua
956 3461 994 3519 et
1032 3450 1280 3529 emolumenta,
1322 3460 1398 3518 tam
1436 3452 1482 3519 de
1516 3452 1706 3537 punicione
1741 3453 1787 3519 de
1821 3451 1914 3520 falso

402 3589 536 3675 judicio
565 3591 603 3658 in
638 3609 858 3677 quecumque
894 3590 993 3656 curia
1027 3587 1176 3667 reddito,
1212 3608 1321 3674 quam
1358 3587 1397 3653 in
1432 3606 1652 3674 quacumque
1688 3588 1786 3655 curia
1820 3588 1913 3655 intra

405 3726 624 3813 procinctum
653 3728 738 3795 ville
765 3726 922 3813 predicte
950 3734 987 3793 et
1016 3723 1184 3803 suburbia
1211 3724 1371 3811 ejusdem
1391 3724 1575 3793 adnullato
1597 3744 1661 3794 seu
1682 3726 1912 3807 adnullando,

406 3882 543 3931 necnon
602 3866 723 3933 omnia
776 3864 849 3933 alia
905 3862 1071 3950 proficua,
1115 3864 1301 3930 thesauros
1353 3863 1528 3946 inuentos,
1578 3876 1616 3934 et
1672 3866 1912 3934 emolumenta

359 4094 371 4109 ⁹
406 4021 628 4088 quocumque
664 4002 769 4070 modo
807 4002 989 4069 euenerint
1026 4012 1100 4069 tam
1141 4001 1185 4066 de
1225 3998 1378 4079 forestis,
1421 4001 1549 4086 parcis,
1587 4001 1716 4083 boscis,
1760 4003 1910 4084 cbaseis,

404 4138 593 4219 warennis,
625 4139 776 4225 stagnis,
804 4136 962 4218 uiuariis,
991 4136 1170 4218 marescis,
1193 4136 1312 4218 moris,
1333 4136 1480 4204 mineris
1499 4158 1607 4223 quam
1633 4138 1914 4225 quibuscumque

404 4270 486 4337 aliis
524 4272 629 4337 rebus
666 4290 736 4357 que
776 4268 869 4337 inira
910 4270 1033 4337 villam
1069 4274 1278 4357 predictam,
1322 4274 1528 4344 comitatum
1571 4274 1741 4363 ejusdem,
1784 4284 1909 4359 terras,

403 4416 615 4489 tenementa,
644 4405 724 4474 loca
751 4418 788 4475 et
823 4404 928 4473 feoda
962 4408 1122 4492 predicta
1157 4420 1196 4477 vt
1232 4412 1429 4499 predictum
1457 4420 1515 4479 est
1550 4411 1720 4481 acciderel
1754 4414 1910 4499 poterint

403 4544 646 4630 quommodo,
675 4543 797 4630 aliqua
824 4544 1061 4630 prerogatiua,
1091 4546 1281 4634 priuilegio
1309 4568 1376 4617 seu
1402 4548 1602 4617 irancbesia
1630 4568 1703 4617 non
1731 4550 1908 4630 obstante,

402 4682 679 4768 quibuscumque
717 4680 868 4748 escaetis
910 4688 1081 4748 terrarum
1120 4692 1158 4750 et
1199 4694 1480 4752 tenementorum
1519 4683 1646 4753 firmris
1688 4685 1906 4772 temporibus

401 4818 645 4887 euenientibus
683 4817 829 4885 omnino
867 4816 1036 4902 exceptis.
1095 4817 1143 4885 Et
1183 4821 1278 4905 quod
1313 4821 1421 4888 iidem
1450 4820 1567 4907 Major
1594 4828 1631 4888 et
1660 4818 1905 4888 communitas

400 4966 437 5023 et
465 4974 686 5023 successores
709 4955 765 5021 sui
788 4954 937 5021 durante
957 4953 1110 5021 termino
1138 4956 1297 5041 predicto
1319 4957 1477 5024 habeant
1501 4955 1700 5043 priuilegia,
1721 4956 1906 5023 libertates

1039 5125 1273 5180 wimondus.
