4975 6309
502 790 550 863 24
840 766 937 858 dhe
962 767 1100 858 ltttlc
1124 768 1223 859 lieo
1249 767 1378 859 Roob
1403 767 1454 859 ot
1484 768 1676 860 aristot.

499 1004 779 1083 Memorandum
795 1007 842 1107 eff
852 1008 908 1083 the
929 1008 1053 1085 Grant
1075 1011 1117 1107 by
1133 1008 1303 1085 Richard
1321 1008 1376 1085 Il.
1396 1009 1444 1108 of
1458 1009 1515 1084 the
1544 1008 1697 1107 Custody
1712 1009 1760 1109 os
1773 1038 1797 1083 a
1829 1010 1869 1085 T
1859 1021 2014 1088 omnent

651 1162 693 1233 in
709 1156 860 1248 Bristol,
879 1160 1048 1234 estreatcd
1059 1168 1093 1235 to
1113 1160 1231 1254 Quem
1248 1160 1371 1250 Anm,
1390 1169 1425 1236 lo
1443 1160 1569 1236 Sr'rnon
1590 1158 1724 1249 Olim,
1750 1166 1858 1256 1396.

631 1332 858 1421 Conpertum
872 1343 928 1402 est
950 1336 989 1402 in
1011 1341 1033 1375 ‘⁶
1042 1334 1256 1423 Originalia¹
1270 1337 1290 1363 '³
1313 1336 1358 1403 de
1381 1356 1477 1403 enno
1497 1334 1579 1401 xix‘
1601 1335 1720 1424 Regis
1733 1336 1883 1403 Ricardi
1896 1338 2013 1405 rotulo

499 1470 541 1537 x⁰
556 1472 651 1556 quod
665 1470 759 1539 idem
773 1492 886 1559 nuper
899 1471 987 1540 Rex
1001 1473 1180 1541 Ricardus
1193 1494 1258 1561 per
1277 1476 1416 1541 litteras
1436 1494 1520 1541 suas
1541 1482 1706 1560 patentes
1727 1476 1832 1542 datas
1853 1475 1931 1561 xvj⁰
1951 1477 2011 1543 die

499 1606 590 1673 Maii
604 1610 728 1675 eodem
748 1628 843 1677 anno
864 1608 946 1676 xix⁰
968 1611 1110 1678 comisit
1132 1610 1273 1679 Simoni
1293 1610 1417 1679 Oliver
1437 1612 1483 1679 de
1503 1612 1662 1679 Bristoll.
1685 1612 1883 1679 custodiam
1904 1613 2011 1681 unius

498 1747 692 1814 tenementi
717 1766 797 1813 cum
819 1746 1052 1833 pertinenciis
1077 1748 1114 1815 in
1138 1748 1308 1815 suburbio
1332 1747 1490 1834 predicte
1517 1750 1603 1817 ville
1631 1751 1789 1819 Bristoll.
1819 1755 1914 1839 quod
1943 1753 2009 1820 luit

499 1885 648 1954 Henrici
673 1886 818 1951 Buxton
845 1885 890 1951 de
915 1884 1094 1963 Bristoll.;
1126 1888 1221 1972 quod
1243 1886 1386 1972 quidem
1407 1894 1647 1954 tenementum
1669 1891 1717 1955 ed
1745 1909 1874 1957 manus
1901 1890 2009 1956 Anne

499 2042 612 2107 nuper
627 2020 770 2107 Regina
783 2020 917 2109 Anglie
934 2032 1104 2110 tanquam
1118 2022 1298 2091 Escbeeta
1312 2043 1377 2090 sua
1394 2022 1538 2091 devenit
1550 2033 1588 2091 et
1601 2023 1639 2091 in
1654 2046 1782 2093 manus
1795 2026 1882 2093 dicti
1896 2046 2009 2112 nuper

500 2157 618 2244 Regis
631 2176 695 2243 per
708 2167 857 2225 mortem
873 2158 985 2244 ipsius
1008 2179 1120 2245 nuper
1141 2160 1286 2247 Regine
1307 2160 1354 2227 ad
1376 2170 1461 2227 tunc
1481 2160 1612 2240 extitit,
1635 2180 1678 2227 ac
1699 2161 1806 2227 unius
1825 2163 1949 2247 placee
1969 2162 2008 2227 in

501 2292 802 2363 Seintmaristrete
822 2295 980 2363 eiusdem
995 2296 1080 2363 ville
1101 2316 1148 2363 ex
1162 2296 1327 2383 opposito
1340 2297 1489 2364 ecclesie
1508 2296 1607 2363 beati
1628 2295 1726 2363 Petri
1746 2297 1786 2363 in
1807 2298 1923 2363 vicum
1946 2298 2008 2383 qui

501 2403 658 2500 seducit
679 2452 801 2501 versus
818 2432 1071 2521 Wynchestret
1091 2444 1256 2501 vocatum
1277 2434 1315 2501 in
1336 2434 1442 2501 dictis
1466 2432 1607 2500 litteris²
1619 2432 1890 2519 Wyncbestrete
1909 2443 1947 2500 et
1969 2452 2009 2501 se

500 2572 661 2637 extendit
683 2591 795 2657 usque
819 2574 866 2638 ad
891 2591 1055 2639 mansum
1083 2572 1258 2639 Willelrni
1288 2570 1410 2640 Poinz.
1469 2570 1686 2638 Habendam
1709 2590 1733 2637 a
1753 2570 1845 2638 festo
1869 2570 2006 2637 Pasche

500 2708 595 2776 dicto
619 2729 714 2775 anno
739 2710 804 2775 xix
826 2708 1007 2794 usquead
1029 2708 1218 2775 terminum
1239 2708 1280 2775 lx
1301 2727 1474 2774 annorum
1495 2716 1581 2775 tunc
1601 2708 1763 2793 proxime
1784 2708 2006 2793 sequentium

500 2846 657 2931 plenarie
672 2847 937 2932 completorum.
982 2844 1181 2911 Reddendo
1196 2844 1280 2910 inde
1294 2843 1394 2930 Regi
1406 2864 1472 2929 per
1485 2863 1618 2911 aunum
1640 2844 1805 2912 videlieet
1825 2865 1890 2931 pro
1911 2846 2008 2912 dicto

501 2992 703 3051 tenemento
715 3002 793 3049 xxs.
807 2992 845 3050 et
859 3001 923 3067 pro
938 2983 1098 3069 predicta
1111 2982 1236 3067 placen
1257 2980 1322 3067 iijs.
1346 2980 1431 3067 iiijd.
1453 2991 1491 3048 et
1511 2980 1582 3047 xld.
1605 2982 1699 3048 ultra
1720 2982 1766 3049 de
1786 2980 2004 3050 incremento

501 3119 548 3187 ad
562 3120 731 3193 terminos
746 3119 883 3186 Pescbe
898 3127 935 3185 et
949 3116 1064 3183 sancti
1077 3116 1266 3183 Michaelis
1280 3116 1463 3202 equaliter,
1478 3124 1545 3182 ete

351 3451 359 3466 .
405 3448 413 3465 .
507 3381 986 3460 CONSUETUDINES
1034 3382 1204 3457 VILLE
1310 3380 1569 3456 CUSTOMS
1595 3380 1670 3457 OF
1696 3380 1811 3454 THE
1847 3350 2018 3457 TOWN

707 3532 1003 3611 BRISTOLL.
1484 3530 1559 3607 OF
1583 3528 1838 3607 BRISTOL.

502 3711 590 3801 (The
619 3712 697 3778 title
733 3711 772 3777 in
801 3730 824 3777 a
858 3710 937 3793 17th
966 3718 1057 3777 cent
1094 3707 1204 3789 hand,

501 3848 675 3933 probably
689 3846 767 3912 that
781 3843 821 3911 of
835 3843 929 3926 John
950 3840 1041 3930 Guy,
1056 3838 1204 3928 mayor).

545 4010 614 4077 8Ιιι
628 4010 798 4077 honorem
820 4006 879 4073 dei
900 4004 1155 4091 omnipotentis
1168 4011 1205 4069 et
1349 4000 1404 4069 To
1424 4002 1486 4068 the
1506 4001 1643 4067 honour
1664 3999 1705 4065 of
1721 3996 2009 4088 AlmightyGod

502 4164 567 4232 pro
581 4144 840 4232 tranquillitate
853 4142 954 4229 pacis
970 4141 1092 4207 villam
1107 4139 1205 4241 Bris-
1306 4139 1379 4205 and
1415 4136 1470 4204 for
1504 4138 1567 4204 the
1601 4138 1824 4223 tranquillity
1866 4136 1907 4205 of
1946 4138 2007 4203 the

503 4283 578 4350 toll.
625 4280 905 4347 inhabitantium
954 4278 1000 4343 ad
1041 4284 1206 4363 rogatum
1305 4274 1528 4342 inhabitants
1549 4273 1590 4342 of
1606 4274 1668 4341 the
1688 4283 1785 4341 town
1806 4272 1847 4340 of
1863 4274 2007 4353 Bristol,

504 4417 776 4488 Communitatis
806 4416 965 4483 eiusdem
996 4413 1091 4495 ville,
1124 4410 1206 4499 Ego
1306 4419 1346 4479 at
1368 4412 1430 4478 the
1453 4420 1596 4497 requeet
1616 4409 1657 4477 of
1675 4411 1738 4478 the
1759 4410 2009 4497 Commonalty

504 4554 706 4623 Willelmus
714 4554 760 4621 de
770 4552 913 4621 Colford
927 4558 1059 4617 extunc
1072 4548 1204 4616 ibidem
1306 4548 1348 4615 of
1371 4548 1433 4615 the
1460 4566 1561 4615 same
1588 4556 1696 4629 town,
1720 4547 1749 4627 I,
1773 4546 1935 4615 William
1963 4548 2009 4613 de

571 4716 582 4746 ¹
600 4715 657 4767 The
674 4714 861 4779 “orginali'‘
877 4728 907 4764 or
923 4712 1062 4763 “Estreate
1079 4708 1110 4761 of
1122 4708 1166 4761 the
1182 4708 1339 4775 Chnncery”
1356 4723 1398 4759 are
1415 4706 1475 4760 rolls
1493 4710 1562 4773 (now
1577 4708 1605 4759 ln
1623 4708 1668 4760 the
1684 4707 1775 4760 Public
1792 4708 1897 4759 Record
1919 4706 2009 4771 Olbos)

502 4804 649 4871 containing
664 4803 809 4871 hamedpls
825 4802 855 4855 ol
867 4808 963 4867 grants,
980 4800 1068 4863 lcases,
1085 4806 1144 4863 etc,
1160 4799 1271 4851 wherein
1286 4813 1336 4865 any
1351 4804 1421 4851 rents
1433 4813 1500 4851 wem
1510 4798 1625 4851 mered
1635 4806 1664 4849 to
1674 4798 1719 4851 the
1728 4798 1829 4861 Crovn,
1841 4814 1870 4850 or
1879 4797 2011 4849 forwhirh

501 4910 552 4963 any
562 4900 682 4962 paymmt
691 4910 721 4946 or
731 4892 823 4945 service
830 4908 882 4943 wer
893 4898 921 4943 to
931 4892 965 4944 be
975 4890 1096 4943 rendered
1107 4905 1135 4941 or
1146 4888 1222 4939 done.

569 5006 894 5077 ursum-been

568 5118 1105 5189 'Tffismmtberegardederthefirst
1124 5124 1196 5186 enuy
1215 5115 1767 5171 mimmenueuuenernoeu
