<?xml version="1.0" encoding="UTF-8"?>
<!DOCTYPE html PUBLIC "-//W3C//DTD XHTML 1.0 Transitional//EN"
    "http://www.w3.org/TR/xhtml1/DTD/xhtml1-transitional.dtd">
<html xmlns="http://www.w3.org/1999/xhtml" xml:lang="en" lang="en">
 <head>
  <title>
</title>
<meta http-equiv="Content-Type" content="text/html;charset=utf-8" />
  <meta name='ocr-system' content='tesseract 3.04.00' />
  <meta name='ocr-capabilities' content='ocr_page ocr_carea ocr_par ocr_line ocrx_word'/>
</head>
<body>
  <div class='ocr_page' id='page_1' title='image "./littleredbookbr00coungoog_0192.png"; bbox 0 0 4975 6309; ppageno 0'>
   <div class='ocr_carea' id='block_1_1' title="bbox 598 727 1757 823">
    <p class='ocr_par' dir='ltr' id='par_1_1' title="bbox 598 727 1757 823">
     <span class='ocr_line' id='line_1_1' title="bbox 598 727 1757 823; baseline 0.003 -10"><span class='ocrx_word' id='word_1_1' title='bbox 598 743 668 814; x_wconf 84' lang='lat'>128</span> <span class='ocrx_word' id='word_1_2' title='bbox 930 732 1027 823; x_wconf 73' lang='lat' dir='ltr'>obe</span> <span class='ocrx_word' id='word_1_3' title='bbox 1050 730 1188 821; x_wconf 71' lang='lat' dir='ltr'>stttle</span> <span class='ocrx_word' id='word_1_4' title='bbox 1212 729 1310 818; x_wconf 75' lang='lat' dir='ltr'>Rei&gt;</span> <span class='ocrx_word' id='word_1_5' title='bbox 1335 727 1463 818; x_wconf 66' lang='lat' dir='ltr'>Book</span> <span class='ocrx_word' id='word_1_6' title='bbox 1488 729 1539 816; x_wconf 76' lang='lat' dir='ltr'>of</span> <span class='ocrx_word' id='word_1_7' title='bbox 1570 727 1757 816; x_wconf 64' lang='lat' dir='ltr'>sustu</span> 
     </span>
    </p>
   </div>
   <div class='ocr_carea' id='block_1_2' title="bbox 593 937 2091 1436">
    <p class='ocr_par' dir='ltr' id='par_1_2' title="bbox 593 937 2091 1436">
     <span class='ocr_line' id='line_1_2' title="bbox 594 937 2088 1033; baseline -0.003 -20"><span class='ocrx_word' id='word_1_8' title='bbox 594 948 650 1014; x_wconf 84' lang='lat' dir='ltr'>vsi</span> <span class='ocrx_word' id='word_1_9' title='bbox 671 944 906 1032; x_wconf 77' lang='lat' dir='ltr'><strong>equitaverint</strong></span> <span class='ocrx_word' id='word_1_10' title='bbox 922 963 988 1010; x_wconf 89' lang='lat' dir='ltr'>seu</span> <span class='ocrx_word' id='word_1_11' title='bbox 1006 939 1180 1033; x_wconf 83' lang='lat' dir='ltr'>sxnu[n]c</span> <span class='ocrx_word' id='word_1_12' title='bbox 1201 942 1253 1007; x_wconf 85' lang='lat' dir='ltr'>ire</span> <span class='ocrx_word' id='word_1_13' title='bbox 1270 942 1327 1008; x_wconf 90' lang='lat' dir='ltr'>vel</span> <span class='ocrx_word' id='word_1_14' title='bbox 1341 939 1499 1025; x_wconf 85' lang='lat' dir='ltr'>equitare</span> <span class='ocrx_word' id='word_1_15' title='bbox 1513 947 1801 1025; x_wconf 83' lang='lat' dir='ltr'>presumpsenmt</span> <span class='ocrx_word' id='word_1_16' title='bbox 1814 937 1905 1027; x_wconf 81' lang='lat' dir='ltr'>(st‘c);</span> <span class='ocrx_word' id='word_1_17' title='bbox 1927 949 1964 1006; x_wconf 90' lang='lat' dir='ltr'>et</span> <span class='ocrx_word' id='word_1_18' title='bbox 1978 941 2088 1008; x_wconf 87' lang='lat' dir='ltr'>eciam</span> 
     </span>
     <span class='ocr_line' id='line_1_3' title="bbox 593 1075 2088 1168; baseline -0.004 -18"><span class='ocrx_word' id='word_1_19' title='bbox 593 1086 639 1151; x_wconf 86' lang='lat' dir='ltr'>de</span> <span class='ocrx_word' id='word_1_20' title='bbox 651 1083 722 1149; x_wconf 88' lang='lat' dir='ltr'>biis</span> <span class='ocrx_word' id='word_1_21' title='bbox 736 1083 798 1168; x_wconf 91' lang='lat' dir='ltr'>qui</span> <span class='ocrx_word' id='word_1_22' title='bbox 812 1083 850 1147; x_wconf 91' lang='lat' dir='ltr'>in</span> <span class='ocrx_word' id='word_1_23' title='bbox 863 1080 1004 1146; x_wconf 76' lang='lat' dir='ltr'>insidiis</span> <span class='ocrx_word' id='word_1_24' title='bbox 1017 1079 1064 1145; x_wconf 88' lang='lat' dir='ltr'>ad</span> <span class='ocrx_word' id='word_1_25' title='bbox 1085 1089 1228 1166; x_wconf 77' lang='lat' dir='ltr'>gentem</span> <span class='ocrx_word' id='word_1_26' title='bbox 1250 1085 1407 1144; x_wconf 88' lang='lat' dir='ltr'>nostram</span> <span class='ocrx_word' id='word_1_27' title='bbox 1427 1077 1713 1144; x_wconf 85' lang='lat' dir='ltr'>mabsmiandam</span> <span class='ocrx_word' id='word_1_28' title='bbox 1733 1077 1792 1144; x_wconf 87' lang='lat' dir='ltr'>vel</span> <span class='ocrx_word' id='word_1_29' title='bbox 1812 1075 2088 1144; x_wconf 86' lang='lat' dir='ltr'>interficiendam</span> 
     </span>
     <span class='ocr_line' id='line_1_4' title="bbox 593 1213 2091 1301; baseline -0.001 -18"><span class='ocrx_word' id='word_1_30' title='bbox 593 1217 774 1296; x_wconf 82' lang='lat' dir='ltr'>iacuerint,</span> <span class='ocrx_word' id='word_1_31' title='bbox 803 1225 841 1283; x_wconf 88' lang='lat' dir='ltr'>et</span> <span class='ocrx_word' id='word_1_32' title='bbox 867 1234 1009 1281; x_wconf 81' lang='lat' dir='ltr'><strong>exnunc</strong></span> <span class='ocrx_word' id='word_1_33' title='bbox 1037 1213 1475 1298; x_wconf 73' lang='lat' dir='ltr'>iaoerepresumpserintr</span> <span class='ocrx_word' id='word_1_34' title='bbox 1505 1224 1541 1280; x_wconf 91' lang='lat' dir='ltr'>et</span> <span class='ocrx_word' id='word_1_35' title='bbox 1566 1215 1679 1281; x_wconf 85' lang='lat' dir='ltr'>eciem</span> <span class='ocrx_word' id='word_1_36' title='bbox 1707 1214 1752 1283; x_wconf 89' lang='lat' dir='ltr'>de</span> <span class='ocrx_word' id='word_1_37' title='bbox 1779 1213 1923 1301; x_wconf 78' lang='lat' dir='ltr'>hirqui</span> <span class='ocrx_word' id='word_1_38' title='bbox 1946 1216 2091 1300; x_wconf 86' lang='lat' dir='ltr'>capiciis</span> 
     </span>
     <span class='ocr_line' id='line_1_5' title="bbox 594 1349 2089 1436; baseline -0.002 -15"><span class='ocrx_word' id='word_1_39' title='bbox 594 1365 631 1422; x_wconf 90' lang='lat' dir='ltr'>et</span> <span class='ocrx_word' id='word_1_40' title='bbox 659 1354 731 1420; x_wconf 79' lang='lat' dir='ltr'>alia</span> <span class='ocrx_word' id='word_1_41' title='bbox 757 1353 909 1419; x_wconf 88' lang='lat' dir='ltr'>liberata</span> <span class='ocrx_word' id='word_1_42' title='bbox 933 1352 978 1418; x_wconf 88' lang='lat' dir='ltr'>de</span> <span class='ocrx_word' id='word_1_43' title='bbox 1005 1352 1111 1417; x_wconf 85' lang='lat' dir='ltr'>unica</span> <span class='ocrx_word' id='word_1_44' title='bbox 1132 1360 1230 1416; x_wconf 89' lang='lat' dir='ltr'>secta</span> <span class='ocrx_word' id='word_1_45' title='bbox 1250 1369 1314 1434; x_wconf 89' lang='lat' dir='ltr'>per</span> <span class='ocrx_word' id='word_1_46' title='bbox 1334 1349 1656 1416; x_wconf 83' lang='lat' dir='ltr'>confederacionem</span> <span class='ocrx_word' id='word_1_47' title='bbox 1677 1360 1714 1417; x_wconf 86' lang='lat' dir='ltr'>et</span> <span class='ocrx_word' id='word_1_48' title='bbox 1734 1371 1799 1436; x_wconf 93' lang='lat' dir='ltr'>pro</span> <span class='ocrx_word' id='word_1_49' title='bbox 1820 1353 2089 1419; x_wconf 73' lang='lat' dir='ltr'>manutenendis</span> 
     </span>
    </p>
   </div>
   <div class='ocr_carea' id='block_1_3' title="bbox 497 1486 2089 1566">
    <p class='ocr_par' dir='ltr' id='par_1_3' title="bbox 497 1486 2089 1566">
     <span class='ocr_line' id='line_1_6' title="bbox 497 1486 2089 1566; baseline -0.003 -6"><span class='ocrx_word' id='word_1_50' title='bbox 497 1548 506 1566; x_wconf 85' lang='lat'><strong>.</strong></span> <span class='ocrx_word' id='word_1_51' title='bbox 595 1505 717 1560; x_wconf 86' lang='lat' dir='ltr'>contra</span> <span class='ocrx_word' id='word_1_52' title='bbox 746 1490 985 1560; x_wconf 78' lang='lat' dir='ltr'>defensionem</span> <span class='ocrx_word' id='word_1_53' title='bbox 1014 1507 1057 1554; x_wconf 86' lang='lat' dir='ltr'>ac</span> <span class='ocrx_word' id='word_1_54' title='bbox 1083 1487 1233 1554; x_wconf 85' lang='lat' dir='ltr'>formam</span> <span class='ocrx_word' id='word_1_55' title='bbox 1270 1486 1533 1553; x_wconf 78' lang='lat' dir='ltr'>ordinacionem</span> <span class='ocrx_word' id='word_1_56' title='bbox 1570 1497 1606 1552; x_wconf 89' lang='lat' dir='ltr'>et</span> <span class='ocrx_word' id='word_1_57' title='bbox 1642 1495 1852 1553; x_wconf 89' lang='lat' dir='ltr'>statutorum</span> <span class='ocrx_word' id='word_1_58' title='bbox 1888 1487 1972 1554; x_wconf 89' lang='lat' dir='ltr'>inde</span> <span class='ocrx_word' id='word_1_59' title='bbox 2007 1498 2089 1556; x_wconf 82' lang='lat' dir='ltr'>ente</span> 
     </span>
    </p>
   </div>
   <div class='ocr_carea' id='block_1_4' title="bbox 586 1591 2097 4025">
    <p class='ocr_par' dir='ltr' id='par_1_4' title="bbox 586 1591 2097 4025">
     <span class='ocr_line' id='line_1_7' title="bbox 593 1591 2089 1714; baseline -0.005 -19"><span class='ocrx_word' id='word_1_60' title='bbox 593 1631 660 1694; x_wconf 89' lang='lat' dir='ltr'>hec</span> <span class='ocrx_word' id='word_1_61' title='bbox 688 1639 847 1714; x_wconf 85' lang='lat' dir='ltr'>tempora</span> <span class='ocrx_word' id='word_1_62' title='bbox 874 1627 1045 1694; x_wconf 86' lang='lat' dir='ltr'>factorum</span> <span class='ocrx_word' id='word_1_63' title='bbox 1073 1623 1130 1690; x_wconf 88' lang='lat' dir='ltr'>usi</span> <span class='ocrx_word' id='word_1_64' title='bbox 1157 1622 1287 1689; x_wconf 79' lang='lat' dir='ltr'>fuerim</span> <span class='ocrx_word' id='word_1_65' title='bbox 1311 1634 1348 1688; x_wconf 88' lang='lat' dir='ltr'>et</span> <span class='ocrx_word' id='word_1_66' title='bbox 1369 1623 1449 1689; x_wconf 87' lang='lat' dir='ltr'>aliis</span> <span class='ocrx_word' id='word_1_67' title='bbox 1469 1591 1670 1709; x_wconf 82' lang='lat' dir='ltr'>hujusmodi</span> <span class='ocrx_word' id='word_1_68' title='bbox 1691 1622 1841 1690; x_wconf 83' lang='lat' dir='ltr'>liberata</span> <span class='ocrx_word' id='word_1_69' title='bbox 1861 1609 2089 1708; x_wconf 74' lang='lat' dir='ltr'>imposterum</span> 
     </span>
     <span class='ocr_line' id='line_1_8' title="bbox 593 1759 2090 1844; baseline -0.004 -12"><span class='ocrx_word' id='word_1_70' title='bbox 593 1764 795 1840; x_wconf 83' lang='lat' dir='ltr'>utentibus;</span> <span class='ocrx_word' id='word_1_71' title='bbox 831 1772 870 1830; x_wconf 89' lang='lat' dir='ltr'>et</span> <span class='ocrx_word' id='word_1_72' title='bbox 893 1763 1007 1830; x_wconf 81' lang='lat' dir='ltr'>eciam</span> <span class='ocrx_word' id='word_1_73' title='bbox 1030 1762 1076 1828; x_wconf 86' lang='lat' dir='ltr'>de</span> <span class='ocrx_word' id='word_1_74' title='bbox 1100 1760 1300 1826; x_wconf 84' lang='lat' dir='ltr'>bostelarris</span> <span class='ocrx_word' id='word_1_75' title='bbox 1325 1770 1361 1826; x_wconf 88' lang='lat' dir='ltr'>et</span> <span class='ocrx_word' id='word_1_76' title='bbox 1387 1759 1468 1826; x_wconf 86' lang='lat' dir='ltr'>aliis</span> <span class='ocrx_word' id='word_1_77' title='bbox 1493 1759 1553 1844; x_wconf 93' lang='lat' dir='ltr'>qui</span> <span class='ocrx_word' id='word_1_78' title='bbox 1582 1759 1620 1824; x_wconf 89' lang='lat' dir='ltr'>in</span> <span class='ocrx_word' id='word_1_79' title='bbox 1649 1759 1763 1826; x_wconf 84' lang='lat' dir='ltr'>abusu</span> <span class='ocrx_word' id='word_1_80' title='bbox 1787 1777 2029 1826; x_wconf 86' lang='lat' dir='ltr'>mensurarum</span> <span class='ocrx_word' id='word_1_81' title='bbox 2055 1769 2090 1826; x_wconf 85' lang='lat' dir='ltr'>et</span> 
     </span>
     <span class='ocr_line' id='line_1_9' title="bbox 589 1895 2090 1995; baseline -0.003 -29"><span class='ocrx_word' id='word_1_82' title='bbox 589 1901 798 1995; x_wconf 79' lang='lat' dir='ltr'>ponderum,</span> <span class='ocrx_word' id='word_1_83' title='bbox 835 1917 878 1964; x_wconf 81' lang='lat' dir='ltr'>ec</span> <span class='ocrx_word' id='word_1_84' title='bbox 913 1898 952 1963; x_wconf 91' lang='lat' dir='ltr'>in</span> <span class='ocrx_word' id='word_1_85' title='bbox 987 1895 1194 1964; x_wconf 84' lang='lat' dir='ltr'>vendicione</span> <span class='ocrx_word' id='word_1_86' title='bbox 1233 1895 1448 1975; x_wconf 74' lang='lat' dir='ltr'>viomalium,</span> <span class='ocrx_word' id='word_1_87' title='bbox 1492 1905 1530 1962; x_wconf 89' lang='lat' dir='ltr'>et</span> <span class='ocrx_word' id='word_1_88' title='bbox 1571 1895 1683 1962; x_wconf 82' lang='lat' dir='ltr'>eciem</span> <span class='ocrx_word' id='word_1_89' title='bbox 1726 1895 1773 1962; x_wconf 91' lang='lat' dir='ltr'>de</span> <span class='ocrx_word' id='word_1_90' title='bbox 1814 1895 2090 1980; x_wconf 82' lang='lat' dir='ltr'>quibuscumque</span> 
     </span>
     <span class='ocr_line' id='line_1_10' title="bbox 593 2030 2090 2125; baseline -0.006 -18"><span class='ocrx_word' id='word_1_91' title='bbox 593 2037 773 2125; x_wconf 86' lang='lat' dir='ltr'>operariis,</span> <span class='ocrx_word' id='word_1_92' title='bbox 809 2033 1013 2114; x_wconf 86' lang='lat' dir='ltr'>artificibus,</span> <span class='ocrx_word' id='word_1_93' title='bbox 1049 2031 1278 2100; x_wconf 76' lang='lat' dir='ltr'>servitoribus</span> <span class='ocrx_word' id='word_1_94' title='bbox 1320 2041 1357 2098; x_wconf 87' lang='lat' dir='ltr'>et</span> <span class='ocrx_word' id='word_1_95' title='bbox 1395 2031 1476 2098; x_wconf 86' lang='lat' dir='ltr'>aliis</span> <span class='ocrx_word' id='word_1_96' title='bbox 1512 2030 1572 2116; x_wconf 91' lang='lat' dir='ltr'>qui</span> <span class='ocrx_word' id='word_1_97' title='bbox 1604 2041 1727 2097; x_wconf 84' lang='lat' dir='ltr'>contra</span> <span class='ocrx_word' id='word_1_98' title='bbox 1757 2030 1907 2098; x_wconf 82' lang='lat' dir='ltr'>formem</span> <span class='ocrx_word' id='word_1_99' title='bbox 1950 2031 2090 2098; x_wconf 85' lang='lat' dir='ltr'>ordina-</span> 
     </span>
     <span class='ocr_line' id='line_1_11' title="bbox 593 2165 2090 2254; baseline -0.003 -13"><span class='ocrx_word' id='word_1_100' title='bbox 593 2175 733 2242; x_wconf 78' lang='lat' dir='ltr'>tionem</span> <span class='ocrx_word' id='word_1_101' title='bbox 768 2181 804 2238; x_wconf 88' lang='lat' dir='ltr'>et</span> <span class='ocrx_word' id='word_1_102' title='bbox 839 2179 1051 2237; x_wconf 80' lang='lat' dir='ltr'>statutomm</span> <span class='ocrx_word' id='word_1_103' title='bbox 1085 2189 1151 2254; x_wconf 90' lang='lat' dir='ltr'>pro</span> <span class='ocrx_word' id='word_1_104' title='bbox 1183 2166 1360 2233; x_wconf 84' lang='lat' dir='ltr'>eommuni</span> <span class='ocrx_word' id='word_1_105' title='bbox 1395 2167 1548 2232; x_wconf 80' lang='lat' dir='ltr'>utilitate</span> <span class='ocrx_word' id='word_1_106' title='bbox 1584 2165 1686 2253; x_wconf 78' lang='lat' dir='ltr'>regni</span> <span class='ocrx_word' id='word_1_107' title='bbox 1729 2167 1841 2234; x_wconf 81' lang='lat' dir='ltr'>nostrl</span> <span class='ocrx_word' id='word_1_108' title='bbox 1876 2166 2011 2254; x_wconf 77' lang='lat' dir='ltr'>Anglie</span> <span class='ocrx_word' id='word_1_109' title='bbox 2045 2168 2090 2236; x_wconf 88' lang='lat' dir='ltr'>de</span> 
     </span>
     <span class='ocr_line' id='line_1_12' title="bbox 591 2302 2090 2392; baseline -0.003 -16"><span class='ocrx_word' id='word_1_110' title='bbox 591 2309 793 2376; x_wconf 82' lang='lat' dir='ltr'>buiusmodi</span> <span class='ocrx_word' id='word_1_111' title='bbox 832 2306 1013 2392; x_wconf 83' lang='lat' dir='ltr'>operariis,</span> <span class='ocrx_word' id='word_1_112' title='bbox 1053 2302 1256 2382; x_wconf 73' lang='lat' dir='ltr'>ardiioibus,</span> <span class='ocrx_word' id='word_1_113' title='bbox 1293 2302 1530 2382; x_wconf 80' lang='lat' dir='ltr'>servitoribus,</span> <span class='ocrx_word' id='word_1_114' title='bbox 1570 2302 1771 2370; x_wconf 87' lang='lat' dir='ltr'>bostelariis</span> <span class='ocrx_word' id='word_1_115' title='bbox 1810 2312 1847 2370; x_wconf 88' lang='lat' dir='ltr'>ot</span> <span class='ocrx_word' id='word_1_116' title='bbox 1887 2305 1969 2370; x_wconf 84' lang='lat' dir='ltr'>aliis</span> <span class='ocrx_word' id='word_1_117' title='bbox 2008 2304 2090 2372; x_wconf 85' lang='lat' dir='ltr'>inde</span> 
     </span>
     <span class='ocr_line' id='line_1_13' title="bbox 592 2437 2090 2527; baseline -0.003 -15"><span class='ocrx_word' id='word_1_118' title='bbox 592 2443 763 2512; x_wconf 60' lang='lat' dir='ltr'>mmmm</span> <span class='ocrx_word' id='word_1_119' title='bbox 787 2441 999 2527; x_wconf 77' lang='lat' dir='ltr'>deliquerint</span> <span class='ocrx_word' id='word_1_120' title='bbox 1026 2441 1084 2508; x_wconf 86' lang='lat' dir='ltr'>vel</span> <span class='ocrx_word' id='word_1_121' title='bbox 1112 2438 1400 2524; x_wconf 79' lang='lat' dir='ltr'>attemptaverint</span> <span class='ocrx_word' id='word_1_122' title='bbox 1429 2437 1468 2502; x_wconf 89' lang='lat' dir='ltr'>in</span> <span class='ocrx_word' id='word_1_123' title='bbox 1497 2439 1667 2504; x_wconf 75' lang='lat' dir='ltr'>comitatu</span> <span class='ocrx_word' id='word_1_124' title='bbox 1694 2438 1852 2522; x_wconf 85' lang='lat' dir='ltr'>predicto</span> <span class='ocrx_word' id='word_1_125' title='bbox 1872 2439 1931 2506; x_wconf 89' lang='lat' dir='ltr'>vei</span> <span class='ocrx_word' id='word_1_126' title='bbox 1951 2459 2090 2508; x_wconf 72' lang='lat' dir='ltr'>exnum</span> 
     </span>
     <span class='ocr_line' id='line_1_14' title="bbox 592 2561 2096 2666; baseline -0.003 -18"><span class='ocrx_word' id='word_1_127' title='bbox 592 2581 795 2666; x_wconf 83' lang='lat' dir='ltr'>delinquere</span> <span class='ocrx_word' id='word_1_128' title='bbox 833 2581 890 2645; x_wconf 84' lang='lat' dir='ltr'>vel</span> <span class='ocrx_word' id='word_1_129' title='bbox 928 2586 1139 2664; x_wconf 78' lang='lat' dir='ltr'>attemptare</span> <span class='ocrx_word' id='word_1_130' title='bbox 1170 2575 1467 2662; x_wconf 75' lang='lat' dir='ltr'>presumpserint3</span> <span class='ocrx_word' id='word_1_131' title='bbox 1505 2584 1541 2639; x_wconf 89' lang='lat' dir='ltr'>et</span> <span class='ocrx_word' id='word_1_132' title='bbox 1577 2575 1624 2640; x_wconf 84' lang='lat' dir='ltr'>ad</span> <span class='ocrx_word' id='word_1_133' title='bbox 1653 2573 1802 2642; x_wconf 83' lang='lat' dir='ltr'>feloniss</span> <span class='ocrx_word' id='word_1_134' title='bbox 1837 2576 2014 2661; x_wconf 75' lang='lat' dir='ltr'>predictus</span> <span class='ocrx_word' id='word_1_135' title='bbox 2048 2561 2096 2644; x_wconf 67' lang='lat' dir='ltr'>sc⁵</span> 
     </span>
     <span class='ocr_line' id='line_1_15' title="bbox 592 2712 2089 2801; baseline -0.002 -16"><span class='ocrx_word' id='word_1_136' title='bbox 592 2719 713 2785; x_wconf 88' lang='lat' dir='ltr'>omnia</span> <span class='ocrx_word' id='word_1_137' title='bbox 740 2729 777 2784; x_wconf 88' lang='lat' dir='ltr'>et</span> <span class='ocrx_word' id='word_1_138' title='bbox 804 2716 947 2801; x_wconf 78' lang='lat' dir='ltr'>singula</span> <span class='ocrx_word' id='word_1_139' title='bbox 967 2735 1037 2801; x_wconf 85' lang='lat' dir='ltr'>que</span> <span class='ocrx_word' id='word_1_140' title='bbox 1057 2734 1121 2800; x_wconf 88' lang='lat' dir='ltr'>per</span> <span class='ocrx_word' id='word_1_141' title='bbox 1140 2712 1342 2780; x_wconf 84' lang='lat' dir='ltr'>huiusmodi</span> <span class='ocrx_word' id='word_1_142' title='bbox 1367 2713 1611 2778; x_wconf 76' lang='lat' dir='ltr'>conventiculo</span> <span class='ocrx_word' id='word_1_143' title='bbox 1632 2721 1756 2780; x_wconf 88' lang='lat' dir='ltr'>contra</span> <span class='ocrx_word' id='word_1_144' title='bbox 1776 2733 1901 2798; x_wconf 81' lang='lat' dir='ltr'>paoem</span> <span class='ocrx_word' id='word_1_145' title='bbox 1921 2721 2089 2794; x_wconf 74' lang='lat' dir='ltr'>nostrum,</span> 
     </span>
     <span class='ocr_line' id='line_1_16' title="bbox 592 2848 2092 2938; baseline -0.001 -18"><span class='ocrx_word' id='word_1_146' title='bbox 592 2863 629 2920; x_wconf 89' lang='lat' dir='ltr'>et</span> <span class='ocrx_word' id='word_1_147' title='bbox 665 2854 704 2919; x_wconf 94' lang='lat' dir='ltr'>in</span> <span class='ocrx_word' id='word_1_148' title='bbox 735 2851 1039 2938; x_wconf 78' lang='lat' dir='ltr'>perturbacionem</span> <span class='ocrx_word' id='word_1_149' title='bbox 1075 2850 1201 2936; x_wconf 92' lang='lat' dir='ltr'>populi</span> <span class='ocrx_word' id='word_1_150' title='bbox 1231 2848 1360 2926; x_wconf 74' lang='lat' dir='ltr'>nostri.</span> <span class='ocrx_word' id='word_1_151' title='bbox 1392 2857 1428 2914; x_wconf 83' lang='lat' dir='ltr'>et</span> <span class='ocrx_word' id='word_1_152' title='bbox 1463 2867 1507 2914; x_wconf 83' lang='lat' dir='ltr'>ea</span> <span class='ocrx_word' id='word_1_153' title='bbox 1542 2849 1654 2916; x_wconf 87' lang='lat' dir='ltr'>eciam</span> <span class='ocrx_word' id='word_1_154' title='bbox 1690 2869 1759 2934; x_wconf 89' lang='lat' dir='ltr'>que</span> <span class='ocrx_word' id='word_1_155' title='bbox 1793 2869 1858 2936; x_wconf 88' lang='lat' dir='ltr'>per</span> <span class='ocrx_word' id='word_1_156' title='bbox 1890 2850 2092 2918; x_wconf 74' lang='lat' dir='ltr'>huimodi</span> 
     </span>
     <span class='ocr_line' id='line_1_17' title="bbox 592 2967 2097 3072; baseline 0 -18"><span class='ocrx_word' id='word_1_157' title='bbox 592 2988 740 3054; x_wconf 75' lang='lat' dir='ltr'>insidias</span> <span class='ocrx_word' id='word_1_158' title='bbox 777 2987 823 3053; x_wconf 88' lang='lat' dir='ltr'>ad</span> <span class='ocrx_word' id='word_1_159' title='bbox 865 2996 1009 3072; x_wconf 78' lang='lat' dir='ltr'>gentem</span> <span class='ocrx_word' id='word_1_160' title='bbox 1044 2994 1203 3053; x_wconf 87' lang='lat' dir='ltr'>nostram</span> <span class='ocrx_word' id='word_1_161' title='bbox 1247 2985 1533 3054; x_wconf 79' lang='lat' dir='ltr'>maberniaudsm</span> <span class='ocrx_word' id='word_1_162' title='bbox 1568 2987 1625 3053; x_wconf 88' lang='lat' dir='ltr'>vel</span> <span class='ocrx_word' id='word_1_163' title='bbox 1662 2986 1939 3054; x_wconf 81' lang='lat' dir='ltr'>interficiendam</span> <span class='ocrx_word' id='word_1_164' title='bbox 1977 2998 2015 3054; x_wconf 87' lang='lat' dir='ltr'>et</span> <span class='ocrx_word' id='word_1_165' title='bbox 2048 2967 2097 3054; x_wconf 83' lang='lat' dir='ltr'>es</span> 
     </span>
     <span class='ocr_line' id='line_1_18' title="bbox 588 3121 2091 3210; baseline -0.003 -16"><span class='ocrx_word' id='word_1_166' title='bbox 588 3124 701 3194; x_wconf 75' lang='lat' dir='ltr'>enon</span> <span class='ocrx_word' id='word_1_167' title='bbox 744 3143 809 3210; x_wconf 90' lang='lat' dir='ltr'>per</span> <span class='ocrx_word' id='word_1_168' title='bbox 849 3145 953 3190; x_wconf 91' lang='lat' dir='ltr'>usum</span> <span class='ocrx_word' id='word_1_169' title='bbox 993 3122 1198 3189; x_wconf 88' lang='lat' dir='ltr'>huiusmodi</span> <span class='ocrx_word' id='word_1_170' title='bbox 1239 3121 1451 3207; x_wconf 80' lang='lat' dir='ltr'>capioionrm</span> <span class='ocrx_word' id='word_1_171' title='bbox 1496 3134 1533 3190; x_wconf 88' lang='lat' dir='ltr'>et</span> <span class='ocrx_word' id='word_1_172' title='bbox 1575 3124 1723 3192; x_wconf 83' lang='lat' dir='ltr'>aliarum</span> <span class='ocrx_word' id='word_1_173' title='bbox 1766 3123 1994 3191; x_wconf 83' lang='lat' dir='ltr'>liberatarum</span> <span class='ocrx_word' id='word_1_174' title='bbox 2029 3143 2091 3210; x_wconf 90' lang='lat' dir='ltr'>per</span> 
     </span>
     <span class='ocr_line' id='line_1_19' title="bbox 588 3258 2090 3346; baseline -0.001 -17"><span class='ocrx_word' id='word_1_175' title='bbox 588 3261 912 3329; x_wconf 78' lang='lat' dir='ltr'>mniederaeionem</span> <span class='ocrx_word' id='word_1_176' title='bbox 947 3269 985 3327; x_wconf 88' lang='lat' dir='ltr'>et</span> <span class='ocrx_word' id='word_1_177' title='bbox 1019 3279 1085 3346; x_wconf 89' lang='lat' dir='ltr'>pro</span> <span class='ocrx_word' id='word_1_178' title='bbox 1119 3258 1390 3326; x_wconf 74' lang='lat' dir='ltr'>manutenentia</span> <span class='ocrx_word' id='word_1_179' title='bbox 1425 3259 1524 3326; x_wconf 86' lang='lat' dir='ltr'>sicud</span> <span class='ocrx_word' id='word_1_180' title='bbox 1560 3259 1755 3343; x_wconf 83' lang='lat' dir='ltr'>predictum</span> <span class='ocrx_word' id='word_1_181' title='bbox 1788 3268 1843 3326; x_wconf 87' lang='lat' dir='ltr'>eet</span> <span class='ocrx_word' id='word_1_182' title='bbox 1878 3267 2090 3345; x_wconf 83' lang='lat' dir='ltr'>attemptata</span> 
     </span>
     <span class='ocr_line' id='line_1_20' title="bbox 587 3393 2090 3480; baseline 0 -18"><span class='ocrx_word' id='word_1_183' title='bbox 587 3395 718 3462; x_wconf 85' lang='lat' dir='ltr'>fuerint</span> <span class='ocrx_word' id='word_1_184' title='bbox 761 3403 798 3462; x_wconf 88' lang='lat' dir='ltr'>et</span> <span class='ocrx_word' id='word_1_185' title='bbox 840 3404 1052 3480; x_wconf 86' lang='lat' dir='ltr'>attemptare</span> <span class='ocrx_word' id='word_1_186' title='bbox 1087 3393 1299 3480; x_wconf 75' lang='lat' dir='ltr'>eontigerit3</span> <span class='ocrx_word' id='word_1_187' title='bbox 1356 3415 1398 3460; x_wconf 83' lang='lat' dir='ltr'>sc</span> <span class='ocrx_word' id='word_1_188' title='bbox 1440 3396 1738 3480; x_wconf 81' lang='lat' dir='ltr'>transgressiones</span> <span class='ocrx_word' id='word_1_189' title='bbox 1780 3405 1818 3462; x_wconf 91' lang='lat' dir='ltr'>et</span> <span class='ocrx_word' id='word_1_190' title='bbox 1859 3393 2090 3462; x_wconf 84' lang='lat' dir='ltr'>forstsiiarias</span> 
     </span>
     <span class='ocr_line' id='line_1_21' title="bbox 587 3531 2093 3616; baseline -0.001 -19"><span class='ocrx_word' id='word_1_191' title='bbox 587 3531 764 3616; x_wconf 82' lang='lat' dir='ltr'>predictas</span> <span class='ocrx_word' id='word_1_192' title='bbox 802 3532 849 3596; x_wconf 89' lang='lat' dir='ltr'>ad</span> <span class='ocrx_word' id='word_1_193' title='bbox 891 3539 1024 3596; x_wconf 85' lang='lat' dir='ltr'>sectam</span> <span class='ocrx_word' id='word_1_194' title='bbox 1067 3539 1228 3597; x_wconf 85' lang='lat' dir='ltr'>nostram</span> <span class='ocrx_word' id='word_1_195' title='bbox 1272 3540 1422 3610; x_wconf 78' lang='lat' dir='ltr'>tentum,</span> <span class='ocrx_word' id='word_1_196' title='bbox 1466 3551 1509 3598; x_wconf 87' lang='lat' dir='ltr'>sc</span> <span class='ocrx_word' id='word_1_197' title='bbox 1551 3531 1773 3596; x_wconf 79' lang='lat' dir='ltr'>extorciones</span> <span class='ocrx_word' id='word_1_198' title='bbox 1808 3539 1845 3598; x_wconf 90' lang='lat' dir='ltr'>et</span> <span class='ocrx_word' id='word_1_199' title='bbox 1879 3531 2093 3616; x_wconf 64' lang='lat' dir='ltr'>regratarms</span> 
     </span>
     <span class='ocr_line' id='line_1_22' title="bbox 587 3666 2093 3754; baseline 0 -22"><span class='ocrx_word' id='word_1_200' title='bbox 587 3668 765 3754; x_wconf 84' lang='lat' dir='ltr'>predictas</span> <span class='ocrx_word' id='word_1_201' title='bbox 805 3678 842 3733; x_wconf 90' lang='lat' dir='ltr'>et</span> <span class='ocrx_word' id='word_1_202' title='bbox 878 3667 999 3734; x_wconf 90' lang='lat' dir='ltr'>omnia</span> <span class='ocrx_word' id='word_1_203' title='bbox 1038 3668 1111 3733; x_wconf 87' lang='lat' dir='ltr'>alia</span> <span class='ocrx_word' id='word_1_204' title='bbox 1149 3687 1222 3752; x_wconf 88' lang='lat' dir='ltr'>que</span> <span class='ocrx_word' id='word_1_205' title='bbox 1260 3687 1324 3752; x_wconf 87' lang='lat' dir='ltr'>per</span> <span class='ocrx_word' id='word_1_206' title='bbox 1366 3667 1568 3734; x_wconf 87' lang='lat' dir='ltr'>huiusmodi</span> <span class='ocrx_word' id='word_1_207' title='bbox 1606 3667 1816 3734; x_wconf 83' lang='lat' dir='ltr'>hostelarius</span> <span class='ocrx_word' id='word_1_208' title='bbox 1853 3677 1890 3734; x_wconf 87' lang='lat' dir='ltr'>et</span> <span class='ocrx_word' id='word_1_209' title='bbox 1929 3667 2019 3734; x_wconf 80' lang='lat' dir='ltr'>elios</span> <span class='ocrx_word' id='word_1_210' title='bbox 2055 3666 2093 3732; x_wconf 90' lang='lat' dir='ltr'>in</span> 
     </span>
     <span class='ocr_line' id='line_1_23' title="bbox 587 3800 2093 3888; baseline -0.001 -18"><span class='ocrx_word' id='word_1_211' title='bbox 587 3803 700 3870; x_wconf 86' lang='lat' dir='ltr'>abusu</span> <span class='ocrx_word' id='word_1_212' title='bbox 727 3821 969 3868; x_wconf 87' lang='lat' dir='ltr'>mensurarum</span> <span class='ocrx_word' id='word_1_213' title='bbox 997 3811 1034 3868; x_wconf 92' lang='lat' dir='ltr'>et</span> <span class='ocrx_word' id='word_1_214' title='bbox 1061 3803 1260 3888; x_wconf 73' lang='lat' dir='ltr'>pondmum</span> <span class='ocrx_word' id='word_1_215' title='bbox 1289 3823 1332 3870; x_wconf 87' lang='lat' dir='ltr'>so</span> <span class='ocrx_word' id='word_1_216' title='bbox 1353 3804 1392 3868; x_wconf 89' lang='lat' dir='ltr'>in</span> <span class='ocrx_word' id='word_1_217' title='bbox 1418 3803 1626 3870; x_wconf 84' lang='lat' dir='ltr'>vendicions</span> <span class='ocrx_word' id='word_1_218' title='bbox 1660 3801 1865 3870; x_wconf 83' lang='lat' dir='ltr'>victualium</span> <span class='ocrx_word' id='word_1_219' title='bbox 1902 3811 1939 3868; x_wconf 90' lang='lat' dir='ltr'>et</span> <span class='ocrx_word' id='word_1_220' title='bbox 1973 3800 2093 3868; x_wconf 86' lang='lat' dir='ltr'>omnis</span> 
     </span>
     <span class='ocr_line' id='line_1_24' title="bbox 586 3935 2092 4025; baseline -0.001 -19"><span class='ocrx_word' id='word_1_221' title='bbox 586 3937 660 4006; x_wconf 87' lang='lat' dir='ltr'>alia</span> <span class='ocrx_word' id='word_1_222' title='bbox 686 3959 756 4024; x_wconf 87' lang='lat' dir='ltr'>que</span> <span class='ocrx_word' id='word_1_223' title='bbox 783 3957 847 4025; x_wconf 88' lang='lat' dir='ltr'>per</span> <span class='ocrx_word' id='word_1_224' title='bbox 875 3936 1075 4005; x_wconf 90' lang='lat' dir='ltr'>huiusmodi</span> <span class='ocrx_word' id='word_1_225' title='bbox 1103 3939 1296 4023; x_wconf 81' lang='lat' dir='ltr'>operarios,</span> <span class='ocrx_word' id='word_1_226' title='bbox 1325 3937 1476 4004; x_wconf 84' lang='lat' dir='ltr'>artifioee</span> <span class='ocrx_word' id='word_1_227' title='bbox 1505 3947 1541 4004; x_wconf 87' lang='lat' dir='ltr'>et</span> <span class='ocrx_word' id='word_1_228' title='bbox 1569 3937 1756 4004; x_wconf 83' lang='lat' dir='ltr'>servitores</span> <span class='ocrx_word' id='word_1_229' title='bbox 1792 3946 1915 4004; x_wconf 87' lang='lat' dir='ltr'>contra</span> <span class='ocrx_word' id='word_1_230' title='bbox 1943 3935 2092 4004; x_wconf 81' lang='lat' dir='ltr'>formem</span> 
     </span>
    </p>
   </div>
   <div class='ocr_carea' id='block_1_5' title="bbox 584 4050 2094 4436">
    <p class='ocr_par' dir='ltr' id='par_1_5' title="bbox 584 4050 2094 4436">
     <span class='ocr_line' id='line_1_25' title="bbox 585 4050 2094 4158; baseline -0.001 -16"><span class='ocrx_word' id='word_1_231' title='bbox 585 4050 854 4143; x_wconf 73' lang='lat' dir='ltr'>ordinariorum</span> <span class='ocrx_word' id='word_1_232' title='bbox 883 4083 921 4140; x_wconf 90' lang='lat' dir='ltr'>et</span> <span class='ocrx_word' id='word_1_233' title='bbox 947 4082 1158 4140; x_wconf 84' lang='lat' dir='ltr'>statutorum</span> <span class='ocrx_word' id='word_1_234' title='bbox 1189 4072 1425 4158; x_wconf 78' lang='lat' dir='ltr'>predictorum</span> <span class='ocrx_word' id='word_1_235' title='bbox 1456 4093 1518 4140; x_wconf 86' lang='lat' dir='ltr'>seu</span> <span class='ocrx_word' id='word_1_236' title='bbox 1548 4075 1585 4138; x_wconf 92' lang='lat' dir='ltr'>in</span> <span class='ocrx_word' id='word_1_237' title='bbox 1614 4073 1881 4140; x_wconf 85' lang='lat' dir='ltr'>enervacionem</span> <span class='ocrx_word' id='word_1_238' title='bbox 1903 4073 2094 4140; x_wconf 80' lang='lat' dir='ltr'>eorundem</span> 
     </span>
     <span class='ocr_line' id='line_1_26' title="bbox 585 4209 2093 4298; baseline -0.002 -19"><span class='ocrx_word' id='word_1_239' title='bbox 585 4211 624 4279; x_wconf 92' lang='lat' dir='ltr'>in</span> <span class='ocrx_word' id='word_1_240' title='bbox 665 4211 785 4298; x_wconf 91' lang='lat' dir='ltr'>aliquo</span> <span class='ocrx_word' id='word_1_241' title='bbox 822 4222 1029 4297; x_wconf 86' lang='lat' dir='ltr'>presumpta</span> <span class='ocrx_word' id='word_1_242' title='bbox 1068 4212 1127 4278; x_wconf 86' lang='lat' dir='ltr'>vel</span> <span class='ocrx_word' id='word_1_243' title='bbox 1167 4220 1378 4297; x_wconf 82' lang='lat' dir='ltr'>attemptata</span> <span class='ocrx_word' id='word_1_244' title='bbox 1413 4209 1542 4277; x_wconf 82' lang='lat' dir='ltr'>tuerint</span> <span class='ocrx_word' id='word_1_245' title='bbox 1578 4221 1652 4276; x_wconf 88' lang='lat' dir='ltr'>tam</span> <span class='ocrx_word' id='word_1_246' title='bbox 1688 4211 1736 4276; x_wconf 85' lang='lat' dir='ltr'>ad</span> <span class='ocrx_word' id='word_1_247' title='bbox 1771 4219 1904 4276; x_wconf 85' lang='lat' dir='ltr'>sectam</span> <span class='ocrx_word' id='word_1_248' title='bbox 1936 4219 2093 4276; x_wconf 83' lang='lat' dir='ltr'>nostram</span> 
     </span>
     <span class='ocr_line' id='line_1_27' title="bbox 584 4341 2094 4436; baseline -0.006 -19"><span class='ocrx_word' id='word_1_249' title='bbox 584 4370 692 4436; x_wconf 82' lang='lat' dir='ltr'>quam</span> <span class='ocrx_word' id='word_1_250' title='bbox 720 4349 870 4416; x_wconf 80' lang='lat' dir='ltr'>alienun</span> <span class='ocrx_word' id='word_1_251' title='bbox 899 4369 1199 4436; x_wconf 84' lang='lat' dir='ltr'>quorumcumque</span> <span class='ocrx_word' id='word_1_252' title='bbox 1227 4369 1346 4416; x_wconf 86' lang='lat' dir='ltr'>coram</span> <span class='ocrx_word' id='word_1_253' title='bbox 1375 4347 1488 4429; x_wconf 87' lang='lat' dir='ltr'>vobis,</span> <span class='ocrx_word' id='word_1_254' title='bbox 1510 4366 1575 4432; x_wconf 89' lang='lat' dir='ltr'>pro</span> <span class='ocrx_word' id='word_1_255' title='bbox 1607 4345 1710 4414; x_wconf 90' lang='lat' dir='ltr'>nobis</span> <span class='ocrx_word' id='word_1_256' title='bbox 1738 4348 1798 4413; x_wconf 89' lang='lat' dir='ltr'>vel</span> <span class='ocrx_word' id='word_1_257' title='bbox 1833 4365 1898 4432; x_wconf 90' lang='lat' dir='ltr'>pro</span> <span class='ocrx_word' id='word_1_258' title='bbox 1935 4364 1975 4412; x_wconf 85' lang='lat' dir='ltr'>se</span> <span class='ocrx_word' id='word_1_259' title='bbox 2006 4341 2094 4430; x_wconf 86' lang='lat' dir='ltr'>ipsis</span> 
     </span>
    </p>
   </div>
   <div class='ocr_carea' id='block_1_6' title="bbox 567 4481 2097 5122">
    <p class='ocr_par' dir='ltr' id='par_1_6' title="bbox 567 4481 2097 5152">
     <span class='ocr_line' id='line_1_28' title="bbox 583 4481 2095 4572; baseline -0.005 -18"><span class='ocrx_word' id='word_1_260' title='bbox 583 4487 751 4572; x_wconf 86' lang='lat' dir='ltr'>oonqueri</span> <span class='ocrx_word' id='word_1_261' title='bbox 767 4487 827 4552; x_wconf 90' lang='lat' dir='ltr'>vel</span> <span class='ocrx_word' id='word_1_262' title='bbox 847 4485 1013 4572; x_wconf 86' lang='lat' dir='ltr'>prosequi</span> <span class='ocrx_word' id='word_1_263' title='bbox 1031 4486 1232 4554; x_wconf 77' lang='lat' dir='ltr'>volendum</span> <span class='ocrx_word' id='word_1_264' title='bbox 1251 4484 1463 4552; x_wconf 84' lang='lat' dir='ltr'>audiendum</span> <span class='ocrx_word' id='word_1_265' title='bbox 1490 4493 1526 4549; x_wconf 89' lang='lat' dir='ltr'>et</span> <span class='ocrx_word' id='word_1_266' title='bbox 1547 4483 1820 4563; x_wconf 83' lang='lat' dir='ltr'>terminandum,</span> <span class='ocrx_word' id='word_1_267' title='bbox 1835 4491 1873 4550; x_wconf 86' lang='lat' dir='ltr'>et</span> <span class='ocrx_word' id='word_1_268' title='bbox 1892 4483 1941 4548; x_wconf 85' lang='lat' dir='ltr'>ad</span> <span class='ocrx_word' id='word_1_269' title='bbox 1953 4481 2095 4550; x_wconf 85' lang='lat' dir='ltr'>eosdem</span> 
     </span>
     <span class='ocr_line' id='line_1_29' title="bbox 583 4617 2096 4710; baseline -0.006 -19"><span class='ocrx_word' id='word_1_270' title='bbox 583 4624 773 4710; x_wconf 84' lang='lat' dir='ltr'>operarios,</span> <span class='ocrx_word' id='word_1_271' title='bbox 803 4619 955 4690; x_wconf 80' lang='lat' dir='ltr'>artifioes</span> <span class='ocrx_word' id='word_1_272' title='bbox 984 4633 1023 4690; x_wconf 85' lang='lat' dir='ltr'>et</span> <span class='ocrx_word' id='word_1_273' title='bbox 1049 4623 1237 4690; x_wconf 86' lang='lat' dir='ltr'>servitores</span> <span class='ocrx_word' id='word_1_274' title='bbox 1265 4641 1330 4706; x_wconf 88' lang='lat' dir='ltr'>per</span> <span class='ocrx_word' id='word_1_275' title='bbox 1349 4620 1449 4702; x_wconf 83' lang='lat' dir='ltr'>fines,</span> <span class='ocrx_word' id='word_1_276' title='bbox 1479 4621 1742 4706; x_wconf 84' lang='lat' dir='ltr'>redempciones</span> <span class='ocrx_word' id='word_1_277' title='bbox 1764 4627 1802 4688; x_wconf 85' lang='lat' dir='ltr'>et</span> <span class='ocrx_word' id='word_1_278' title='bbox 1823 4617 2096 4684; x_wconf 83' lang='lat' dir='ltr'>amereiementa</span> 
     </span>
     <span class='ocr_line' id='line_1_30' title="bbox 583 4751 2094 4846; baseline -0.007 -18"><span class='ocrx_word' id='word_1_279' title='bbox 583 4769 621 4828; x_wconf 89' lang='lat' dir='ltr'>et</span> <span class='ocrx_word' id='word_1_280' title='bbox 655 4761 727 4826; x_wconf 84' lang='lat' dir='ltr'>alio</span> <span class='ocrx_word' id='word_1_281' title='bbox 756 4761 863 4827; x_wconf 87' lang='lat' dir='ltr'>modo</span> <span class='ocrx_word' id='word_1_282' title='bbox 890 4779 956 4846; x_wconf 87' lang='lat' dir='ltr'>pro</span> <span class='ocrx_word' id='word_1_283' title='bbox 984 4760 1125 4829; x_wconf 85' lang='lat' dir='ltr'>delictis</span> <span class='ocrx_word' id='word_1_284' title='bbox 1154 4759 1229 4826; x_wconf 87' lang='lat' dir='ltr'>suis</span> <span class='ocrx_word' id='word_1_285' title='bbox 1265 4767 1369 4844; x_wconf 90' lang='lat' dir='ltr'>prout</span> <span class='ocrx_word' id='word_1_286' title='bbox 1390 4769 1489 4826; x_wconf 82' lang='lat' dir='ltr'>aute</span> <span class='ocrx_word' id='word_1_287' title='bbox 1528 4757 1791 4824; x_wconf 80' lang='lat' dir='ltr'>ordinacionem</span> <span class='ocrx_word' id='word_1_288' title='bbox 1826 4755 1871 4820; x_wconf 88' lang='lat' dir='ltr'>de</span> <span class='ocrx_word' id='word_1_289' title='bbox 1906 4751 2094 4840; x_wconf 88' lang='lat' dir='ltr'>punicione</span> 
     </span>
     <span class='ocr_line' id='line_1_31' title="bbox 567 4891 2097 4986; baseline -0.005 -20"><span class='ocrx_word' id='word_1_290' title='bbox 567 4897 757 4984; x_wconf 31' lang='lat' dir='ltr'>&#39;corporali</span> <span class='ocrx_word' id='word_1_291' title='bbox 783 4897 987 4965; x_wconf 88' lang='lat' dir='ltr'>huiusmodi</span> <span class='ocrx_word' id='word_1_292' title='bbox 1017 4897 1199 4986; x_wconf 86' lang='lat' dir='ltr'>operariis,</span> <span class='ocrx_word' id='word_1_293' title='bbox 1236 4896 1430 4965; x_wconf 77' lang='lat' dir='ltr'>ardficibus</span> <span class='ocrx_word' id='word_1_294' title='bbox 1463 4908 1500 4964; x_wconf 90' lang='lat' dir='ltr'>et</span> <span class='ocrx_word' id='word_1_295' title='bbox 1528 4897 1756 4966; x_wconf 89' lang='lat' dir='ltr'>servitoribus</span> <span class='ocrx_word' id='word_1_296' title='bbox 1776 4914 1842 4981; x_wconf 89' lang='lat' dir='ltr'>pro</span> <span class='ocrx_word' id='word_1_297' title='bbox 1862 4893 2002 4960; x_wconf 85' lang='lat' dir='ltr'>delictis</span> <span class='ocrx_word' id='word_1_298' title='bbox 2023 4891 2097 4958; x_wconf 84' lang='lat' dir='ltr'>suis</span> 
     </span>
     <span class='ocr_line' id='line_1_32' title="bbox 582 5026 2095 5122; baseline -0.009 -15"><span class='ocrx_word' id='word_1_299' title='bbox 582 5038 785 5107; x_wconf 76' lang='lat' dir='ltr'>exbibenda</span> <span class='ocrx_word' id='word_1_300' title='bbox 818 5037 950 5104; x_wconf 84' lang='lat' dir='ltr'>factem</span> <span class='ocrx_word' id='word_1_301' title='bbox 984 5035 1064 5104; x_wconf 82' lang='lat' dir='ltr'>lieri</span> <span class='ocrx_word' id='word_1_302' title='bbox 1105 5037 1290 5104; x_wconf 83' lang='lat' dir='ltr'>oonsuevit</span> <span class='ocrx_word' id='word_1_303' title='bbox 1330 5037 1559 5122; x_wconf 76' lang='lat' dir='ltr'>castigandos</span> <span class='ocrx_word' id='word_1_304' title='bbox 1599 5042 1636 5102; x_wconf 85' lang='lat' dir='ltr'>et</span> <span class='ocrx_word' id='word_1_305' title='bbox 1668 5029 1868 5118; x_wconf 83' lang='lat' dir='ltr'>puniendos</span> <span class='ocrx_word' id='word_1_306' title='bbox 1904 5026 2095 5096; x_wconf 83' lang='lat' dir='ltr'>seeundum</span> 
     </span>
    </p>
   </div>
   <div class='ocr_carea' id='block_1_7' title="bbox 0 0 2494 6308">
    <p class='ocr_par' dir='ltr' id='par_1_7' title="bbox 0 0 2494 6308">
     <span class='ocr_line' id='line_1_33' title="bbox 0 0 2494 6308; baseline 0 0"><span class='ocrx_word' id='word_1_307' title='bbox 0 0 2494 6308; x_wconf 95' lang='lat' dir='ltr'> </span> 
     </span>
    </p>
   </div>
  </div>
 </body>
</html>
