<?xml version="1.0" encoding="UTF-8"?>
<!DOCTYPE html PUBLIC "-//W3C//DTD XHTML 1.0 Transitional//EN"
    "http://www.w3.org/TR/xhtml1/DTD/xhtml1-transitional.dtd">
<html xmlns="http://www.w3.org/1999/xhtml" xml:lang="en" lang="en">
 <head>
  <title>
</title>
<meta http-equiv="Content-Type" content="text/html;charset=utf-8" />
  <meta name='ocr-system' content='tesseract 3.04.00' />
  <meta name='ocr-capabilities' content='ocr_page ocr_carea ocr_par ocr_line ocrx_word'/>
</head>
<body>
  <div class='ocr_page' id='page_1' title='image "./littleredbookbr00coungoog/littleredbookbr00coungoog_0269.png"; bbox 0 0 4975 6309; ppageno 0'>
   <div class='ocr_carea' id='block_1_1' title="bbox 755 780 1920 885">
    <p class='ocr_par' dir='ltr' id='par_1_1' title="bbox 755 780 1920 885">
     <span class='ocr_line' id='line_1_1' title="bbox 755 780 1920 885; baseline -0.009 -9"><span class='ocrx_word' id='word_1_1' title='bbox 755 781 852 876; x_wconf 64' lang='lat' dir='ltr'>ube</span> <span class='ocrx_word' id='word_1_2' title='bbox 876 781 1014 874; x_wconf 72' lang='lat' dir='ltr'>little</span> <span class='ocrx_word' id='word_1_3' title='bbox 1039 780 1367 873; x_wconf 64' lang='lat' dir='ltr'>Retumtot</span> <span class='ocrx_word' id='word_1_4' title='bbox 1396 781 1585 877; x_wconf 76' lang='lat' dir='ltr'>nnnot</span> <span class='ocrx_word' id='word_1_5' title='bbox 1849 810 1920 885; x_wconf 83' lang='lat'>205</span> 
     </span>
    </p>
   </div>
   <div class='ocr_carea' id='block_1_2' title="bbox 195 994 1942 5042">
    <p class='ocr_par' dir='ltr' id='par_1_2' title="bbox 417 994 1923 1629">
     <span class='ocr_line' id='line_1_2' title="bbox 419 994 1922 1083; baseline 0.003 -22"><span class='ocrx_word' id='word_1_6' title='bbox 419 994 648 1063; x_wconf 68' lang='lat' dir='ltr'>mlebrandas</span> <span class='ocrx_word' id='word_1_7' title='bbox 687 1016 760 1063; x_wconf 91' lang='lat' dir='ltr'>non</span> <span class='ocrx_word' id='word_1_8' title='bbox 798 997 936 1064; x_wconf 85' lang='lat' dir='ltr'>venerit</span> <span class='ocrx_word' id='word_1_9' title='bbox 974 1016 1041 1063; x_wconf 90' lang='lat' dir='ltr'>nec</span> <span class='ocrx_word' id='word_1_10' title='bbox 1079 996 1300 1064; x_wconf 88' lang='lat' dir='ltr'>oblacionem</span> <span class='ocrx_word' id='word_1_11' title='bbox 1339 1016 1405 1083; x_wconf 93' lang='lat' dir='ltr'>pro</span> <span class='ocrx_word' id='word_1_12' title='bbox 1444 1017 1484 1064; x_wconf 90' lang='lat' dir='ltr'>se</span> <span class='ocrx_word' id='word_1_13' title='bbox 1518 996 1754 1065; x_wconf 76' lang='lat' dir='ltr'><strong>transmiserit</strong></span> <span class='ocrx_word' id='word_1_14' title='bbox 1791 1017 1922 1083; x_wconf 86' lang='lat' dir='ltr'>penam</span> 
     </span>
     <span class='ocr_line' id='line_1_3' title="bbox 417 1129 1922 1221; baseline 0.004 -25"><span class='ocrx_word' id='word_1_15' title='bbox 417 1129 524 1197; x_wconf 90' lang='lat' dir='ltr'>trium</span> <span class='ocrx_word' id='word_1_16' title='bbox 564 1129 786 1199; x_wconf 86' lang='lat' dir='ltr'>denariorum</span> <span class='ocrx_word' id='word_1_17' title='bbox 831 1133 1022 1219; x_wconf 76' lang='lat' dir='ltr'>subiaceat</span> <span class='ocrx_word' id='word_1_18' title='bbox 1082 1130 1153 1218; x_wconf 83' lang='lat' dir='ltr'>Qui</span> <span class='ocrx_word' id='word_1_19' title='bbox 1194 1131 1242 1198; x_wconf 90' lang='lat' dir='ltr'>ad</span> <span class='ocrx_word' id='word_1_20' title='bbox 1285 1133 1455 1219; x_wconf 77' lang='lat' dir='ltr'>exequias</span> <span class='ocrx_word' id='word_1_21' title='bbox 1497 1154 1571 1201; x_wconf 92' lang='lat' dir='ltr'>non</span> <span class='ocrx_word' id='word_1_22' title='bbox 1613 1135 1750 1202; x_wconf 82' lang='lat' dir='ltr'>venerit</span> <span class='ocrx_word' id='word_1_23' title='bbox 1791 1154 1922 1221; x_wconf 89' lang='lat' dir='ltr'>penam</span> 
     </span>
     <span class='ocr_line' id='line_1_4' title="bbox 419 1268 1923 1357; baseline 0.004 -22"><span class='ocrx_word' id='word_1_24' title='bbox 419 1268 545 1335; x_wconf 83' lang='lat' dir='ltr'>subeat</span> <span class='ocrx_word' id='word_1_25' title='bbox 572 1288 637 1337; x_wconf 87' lang='lat' dir='ltr'>sex</span> <span class='ocrx_word' id='word_1_26' title='bbox 665 1268 887 1356; x_wconf 72' lang='lat' dir='ltr'>denericmm</span> <span class='ocrx_word' id='word_1_27' title='bbox 917 1271 987 1338; x_wconf 91' lang='lat' dir='ltr'>nisi</span> <span class='ocrx_word' id='word_1_28' title='bbox 1014 1279 1276 1357; x_wconf 85' lang='lat' dir='ltr'>procuratorem</span> <span class='ocrx_word' id='word_1_29' title='bbox 1304 1272 1539 1339; x_wconf 84' lang='lat' dir='ltr'>transmiserit</span> <span class='ocrx_word' id='word_1_30' title='bbox 1567 1273 1626 1339; x_wconf 86' lang='lat' dir='ltr'>vel</span> <span class='ocrx_word' id='word_1_31' title='bbox 1660 1272 1923 1341; x_wconf 79' lang='lat' dir='ltr'>racionabiliter</span> 
     </span>
     <span class='ocr_line' id='line_1_5' title="bbox 417 1403 1923 1495; baseline 0.003 -23"><span class='ocrx_word' id='word_1_32' title='bbox 417 1403 532 1489; x_wconf 87' lang='lat' dir='ltr'>possit</span> <span class='ocrx_word' id='word_1_33' title='bbox 574 1405 736 1473; x_wconf 80' lang='lat' dir='ltr'>excusari</span> <span class='ocrx_word' id='word_1_34' title='bbox 778 1415 984 1493; x_wconf 77' lang='lat' dir='ltr'>procurator</span> <span class='ocrx_word' id='word_1_35' title='bbox 1025 1426 1138 1493; x_wconf 86' lang='lat' dir='ltr'>penes</span> <span class='ocrx_word' id='word_1_36' title='bbox 1184 1406 1309 1493; x_wconf 80' lang='lat' dir='ltr'>exigat</span> <span class='ocrx_word' id='word_1_37' title='bbox 1356 1427 1379 1474; x_wconf 90' lang='lat' dir='ltr'>a</span> <span class='ocrx_word' id='word_1_38' title='bbox 1425 1406 1578 1495; x_wconf 75' lang='lat' dir='ltr'>singulis</span> <span class='ocrx_word' id='word_1_39' title='bbox 1614 1426 1695 1476; x_wconf 87' lang='lat' dir='ltr'>cum</span> <span class='ocrx_word' id='word_1_40' title='bbox 1734 1410 1923 1478; x_wconf 90' lang='lat' dir='ltr'>commisse</span> 
     </span>
     <span class='ocr_line' id='line_1_6' title="bbox 417 1537 1922 1629; baseline 0.003 -23"><span class='ocrx_word' id='word_1_41' title='bbox 417 1537 547 1608; x_wconf 75' lang='lat' dir='ltr'>firerInt</span> <span class='ocrx_word' id='word_1_42' title='bbox 573 1550 611 1608; x_wconf 88' lang='lat' dir='ltr'>et</span> <span class='ocrx_word' id='word_1_43' title='bbox 639 1541 822 1629; x_wconf 70' lang='lat' dir='ltr'>recipiant</span> <span class='ocrx_word' id='word_1_44' title='bbox 882 1540 1040 1629; x_wconf 79' lang='lat' dir='ltr'>Quisque</span> <span class='ocrx_word' id='word_1_45' title='bbox 1067 1543 1214 1611; x_wconf 89' lang='lat' dir='ltr'>missam</span> <span class='ocrx_word' id='word_1_46' title='bbox 1243 1545 1289 1611; x_wconf 90' lang='lat' dir='ltr'>de</span> <span class='ocrx_word' id='word_1_47' title='bbox 1317 1562 1439 1611; x_wconf 89' lang='lat' dir='ltr'>mense</span> <span class='ocrx_word' id='word_1_48' title='bbox 1466 1544 1526 1611; x_wconf 89' lang='lat' dir='ltr'>die</span> <span class='ocrx_word' id='word_1_49' title='bbox 1550 1562 1615 1610; x_wconf 87' lang='lat' dir='ltr'>suo</span> <span class='ocrx_word' id='word_1_50' title='bbox 1640 1544 1805 1621; x_wconf 84' lang='lat' dir='ltr'>celebret,</span> <span class='ocrx_word' id='word_1_51' title='bbox 1828 1561 1922 1611; x_wconf 89' lang='lat' dir='ltr'>unus</span> 
     </span>
    </p>

    <p class='ocr_par' dir='ltr' id='par_1_3' title="bbox 417 1677 1924 2315">
     <span class='ocr_line' id='line_1_7' title="bbox 418 1677 1924 1768; baseline 0.005 -26"><span class='ocrx_word' id='word_1_52' title='bbox 418 1685 500 1763; x_wconf 88' lang='lat' dir='ltr'>post</span> <span class='ocrx_word' id='word_1_53' title='bbox 528 1677 649 1759; x_wconf 79' lang='lat' dir='ltr'>alium,</span> <span class='ocrx_word' id='word_1_54' title='bbox 679 1678 771 1744; x_wconf 89' lang='lat' dir='ltr'>sicut</span> <span class='ocrx_word' id='word_1_55' title='bbox 798 1678 990 1765; x_wconf 79' lang='lat' dir='ltr'>premuniti</span> <span class='ocrx_word' id='word_1_56' title='bbox 1018 1679 1147 1747; x_wconf 89' lang='lat' dir='ltr'>fuerint</span> <span class='ocrx_word' id='word_1_57' title='bbox 1171 1700 1195 1747; x_wconf 88' lang='lat' dir='ltr'>a</span> <span class='ocrx_word' id='word_1_58' title='bbox 1223 1688 1460 1767; x_wconf 88' lang='lat' dir='ltr'>procuratore,</span> <span class='ocrx_word' id='word_1_59' title='bbox 1496 1681 1555 1747; x_wconf 87' lang='lat' dir='ltr'>vel</span> <span class='ocrx_word' id='word_1_60' title='bbox 1589 1701 1655 1768; x_wconf 91' lang='lat' dir='ltr'>per</span> <span class='ocrx_word' id='word_1_61' title='bbox 1689 1700 1730 1749; x_wconf 90' lang='lat' dir='ltr'>se</span> <span class='ocrx_word' id='word_1_62' title='bbox 1766 1683 1824 1749; x_wconf 85' lang='lat' dir='ltr'>vel</span> <span class='ocrx_word' id='word_1_63' title='bbox 1858 1702 1924 1768; x_wconf 88' lang='lat' dir='ltr'>pet</span> 
     </span>
     <span class='ocr_line' id='line_1_8' title="bbox 419 1812 1924 1904; baseline 0.007 -25"><span class='ocrx_word' id='word_1_64' title='bbox 419 1812 553 1881; x_wconf 91' lang='lat' dir='ltr'>socium</span> <span class='ocrx_word' id='word_1_65' title='bbox 591 1814 622 1881; x_wconf 91' lang='lat' dir='ltr'>si</span> <span class='ocrx_word' id='word_1_66' title='bbox 659 1834 787 1882; x_wconf 76' lang='lat' dir='ltr'>uasere</span> <span class='ocrx_word' id='word_1_67' title='bbox 823 1835 896 1883; x_wconf 90' lang='lat' dir='ltr'>non</span> <span class='ocrx_word' id='word_1_68' title='bbox 935 1816 1076 1903; x_wconf 86' lang='lat' dir='ltr'>poterit.</span> <span class='ocrx_word' id='word_1_69' title='bbox 1138 1815 1355 1885; x_wconf 83' lang='lat' dir='ltr'>Oblaciones</span> <span class='ocrx_word' id='word_1_70' title='bbox 1396 1838 1465 1904; x_wconf 89' lang='lat' dir='ltr'>que</span> <span class='ocrx_word' id='word_1_71' title='bbox 1504 1818 1653 1886; x_wconf 86' lang='lat' dir='ltr'>veniunt</span> <span class='ocrx_word' id='word_1_72' title='bbox 1689 1821 1738 1887; x_wconf 86' lang='lat' dir='ltr'>ad</span> <span class='ocrx_word' id='word_1_73' title='bbox 1777 1820 1924 1888; x_wconf 90' lang='lat' dir='ltr'>missam</span> 
     </span>
     <span class='ocr_line' id='line_1_9' title="bbox 417 1950 1924 2042; baseline 0.005 -25"><span class='ocrx_word' id='word_1_74' title='bbox 417 1950 534 2038; x_wconf 91' lang='lat' dir='ltr'>primo</span> <span class='ocrx_word' id='word_1_75' title='bbox 571 1951 629 2018; x_wconf 87' lang='lat' dir='ltr'>die</span> <span class='ocrx_word' id='word_1_76' title='bbox 669 1952 727 2018; x_wconf 82' lang='lat' dir='ltr'>vel</span> <span class='ocrx_word' id='word_1_77' title='bbox 764 1953 920 2019; x_wconf 86' lang='lat' dir='ltr'>secundo</span> <span class='ocrx_word' id='word_1_78' title='bbox 962 1952 1019 2019; x_wconf 88' lang='lat' dir='ltr'>die</span> <span class='ocrx_word' id='word_1_79' title='bbox 1062 1953 1195 2021; x_wconf 86' lang='lat' dir='ltr'>mensis</span> <span class='ocrx_word' id='word_1_80' title='bbox 1238 1954 1381 2039; x_wconf 89' lang='lat' dir='ltr'>quando</span> <span class='ocrx_word' id='word_1_81' title='bbox 1424 1963 1591 2022; x_wconf 89' lang='lat' dir='ltr'>cantatur</span> <span class='ocrx_word' id='word_1_82' title='bbox 1639 1974 1706 2042; x_wconf 92' lang='lat' dir='ltr'>pro</span> <span class='ocrx_word' id='word_1_83' title='bbox 1749 1955 1924 2024; x_wconf 74' lang='lat' dir='ltr'>defunctis</span> 
     </span>
     <span class='ocr_line' id='line_1_10' title="bbox 418 2088 1923 2178; baseline 0.003 -22"><span class='ocrx_word' id='word_1_84' title='bbox 418 2088 590 2156; x_wconf 72' lang='lat' dir='ltr'>conli&#39;arie</span> <span class='ocrx_word' id='word_1_85' title='bbox 642 2088 799 2175; x_wconf 81' lang='lat' dir='ltr'>predicte</span> <span class='ocrx_word' id='word_1_86' title='bbox 852 2098 1075 2157; x_wconf 86' lang='lat' dir='ltr'>reseruentur</span> <span class='ocrx_word' id='word_1_87' title='bbox 1117 2109 1183 2178; x_wconf 90' lang='lat' dir='ltr'>per</span> <span class='ocrx_word' id='word_1_88' title='bbox 1223 2099 1487 2177; x_wconf 87' lang='lat' dir='ltr'>procuratorem</span> <span class='ocrx_word' id='word_1_89' title='bbox 1523 2093 1563 2158; x_wconf 89' lang='lat' dir='ltr'>in</span> <span class='ocrx_word' id='word_1_90' title='bbox 1601 2094 1706 2159; x_wconf 86' lang='lat' dir='ltr'>theca</span> <span class='ocrx_word' id='word_1_91' title='bbox 1743 2094 1923 2161; x_wconf 89' lang='lat' dir='ltr'>communi</span> 
     </span>
     <span class='ocr_line' id='line_1_11' title="bbox 418 2224 1922 2315; baseline 0.004 -22"><span class='ocrx_word' id='word_1_92' title='bbox 418 2224 716 2294; x_wconf 80' lang='lat' dir='ltr'>confraternitatis</span> <span class='ocrx_word' id='word_1_93' title='bbox 758 2227 805 2294; x_wconf 83' lang='lat' dir='ltr'>ed</span> <span class='ocrx_word' id='word_1_94' title='bbox 848 2227 1140 2295; x_wconf 73' lang='lat' dir='ltr'>distribuendum1</span> <span class='ocrx_word' id='word_1_95' title='bbox 1181 2228 1397 2315; x_wconf 86' lang='lat' dir='ltr'>pauperibus</span> <span class='ocrx_word' id='word_1_96' title='bbox 1435 2230 1481 2296; x_wconf 90' lang='lat' dir='ltr'>de</span> <span class='ocrx_word' id='word_1_97' title='bbox 1516 2230 1805 2298; x_wconf 78' lang='lat' dir='ltr'>confraternitate</span> <span class='ocrx_word' id='word_1_98' title='bbox 1840 2250 1922 2299; x_wconf 89' lang='lat' dir='ltr'>cum</span> 
     </span>
    </p>

    <p class='ocr_par' dir='ltr' id='par_1_4' title="bbox 275 2362 1942 3817">
     <span class='ocr_line' id='line_1_12' title="bbox 275 2362 1922 2455; baseline 0.002 -25"><span class='ocrx_word' id='word_1_99' title='bbox 275 2450 277 2455; x_wconf 64' lang='lat'>,</span> <span class='ocrx_word' id='word_1_100' title='bbox 418 2364 591 2451; x_wconf 75' lang='lat' dir='ltr'>eguerint,</span> <span class='ocrx_word' id='word_1_101' title='bbox 627 2365 683 2431; x_wconf 87' lang='lat' dir='ltr'>vel</span> <span class='ocrx_word' id='word_1_102' title='bbox 724 2364 822 2431; x_wconf 87' lang='lat' dir='ltr'>aliud</span> <span class='ocrx_word' id='word_1_103' title='bbox 854 2365 1042 2451; x_wconf 78' lang='lat' dir='ltr'>negocium</span> <span class='ocrx_word' id='word_1_104' title='bbox 1082 2362 1334 2450; x_wconf 87' lang='lat' dir='ltr'>perficiendum</span> <span class='ocrx_word' id='word_1_105' title='bbox 1372 2365 1468 2450; x_wconf 87' lang='lat' dir='ltr'>quod</span> <span class='ocrx_word' id='word_1_106' title='bbox 1507 2366 1555 2433; x_wconf 88' lang='lat' dir='ltr'>ad</span> <span class='ocrx_word' id='word_1_107' title='bbox 1593 2364 1783 2433; x_wconf 85' lang='lat' dir='ltr'>vtilitatem</span> <span class='ocrx_word' id='word_1_108' title='bbox 1818 2366 1922 2435; x_wconf 90' lang='lat' dir='ltr'>fuerit</span> 
     </span>
     <span class='ocr_line' id='line_1_13' title="bbox 418 2500 1923 2571; baseline 0.001 -2"><span class='ocrx_word' id='word_1_109' title='bbox 418 2501 715 2570; x_wconf 77' lang='lat' dir='ltr'>connatemitatis</span> <span class='ocrx_word' id='word_1_110' title='bbox 744 2500 979 2569; x_wconf 82' lang='lat' dir='ltr'>manifestam.</span> <span class='ocrx_word' id='word_1_111' title='bbox 1044 2502 1295 2569; x_wconf 86' lang='lat' dir='ltr'>Procuratores</span> <span class='ocrx_word' id='word_1_112' title='bbox 1324 2500 1623 2569; x_wconf 84' lang='lat' dir='ltr'>confraternitatis</span> <span class='ocrx_word' id='word_1_113' title='bbox 1651 2522 1772 2571; x_wconf 89' lang='lat' dir='ltr'>coram</span> <span class='ocrx_word' id='word_1_114' title='bbox 1808 2523 1923 2571; x_wconf 86' lang='lat' dir='ltr'>sacer·</span> 
     </span>
     <span class='ocr_line' id='line_1_14' title="bbox 418 2634 1923 2727; baseline 0.004 -24"><span class='ocrx_word' id='word_1_115' title='bbox 418 2637 560 2705; x_wconf 89' lang='lat' dir='ltr'>dotibus</span> <span class='ocrx_word' id='word_1_116' title='bbox 591 2637 636 2703; x_wconf 89' lang='lat' dir='ltr'>de</span> <span class='ocrx_word' id='word_1_117' title='bbox 672 2634 959 2703; x_wconf 87' lang='lat' dir='ltr'>confraternitate</span> <span class='ocrx_word' id='word_1_118' title='bbox 994 2636 1104 2705; x_wconf 88' lang='lat' dir='ltr'>semel</span> <span class='ocrx_word' id='word_1_119' title='bbox 1139 2638 1178 2705; x_wconf 90' lang='lat' dir='ltr'>in</span> <span class='ocrx_word' id='word_1_120' title='bbox 1215 2658 1309 2706; x_wconf 90' lang='lat' dir='ltr'>anno</span> <span class='ocrx_word' id='word_1_121' title='bbox 1344 2641 1403 2707; x_wconf 91' lang='lat' dir='ltr'>vel</span> <span class='ocrx_word' id='word_1_122' title='bbox 1436 2639 1571 2727; x_wconf 88' lang='lat' dir='ltr'>pluries</span> <span class='ocrx_word' id='word_1_123' title='bbox 1599 2642 1632 2707; x_wconf 89' lang='lat' dir='ltr'>si</span> <span class='ocrx_word' id='word_1_124' title='bbox 1666 2642 1783 2709; x_wconf 86' lang='lat' dir='ltr'>visum</span> <span class='ocrx_word' id='word_1_125' title='bbox 1819 2642 1923 2709; x_wconf 89' lang='lat' dir='ltr'>fuerit</span> 
     </span>
     <span class='ocr_line' id='line_1_15' title="bbox 419 2770 1923 2863; baseline 0.001 -22"><span class='ocrx_word' id='word_1_126' title='bbox 419 2772 585 2859; x_wconf 84' lang='lat' dir='ltr'>expedire</span> <span class='ocrx_word' id='word_1_127' title='bbox 621 2772 941 2839; x_wconf 77' lang='lat' dir='ltr'>administracionis</span> <span class='ocrx_word' id='word_1_128' title='bbox 977 2792 1041 2839; x_wconf 90' lang='lat' dir='ltr'>sue</span> <span class='ocrx_word' id='word_1_129' title='bbox 1076 2780 1280 2860; x_wconf 89' lang='lat' dir='ltr'>compotum</span> <span class='ocrx_word' id='word_1_130' title='bbox 1321 2770 1521 2863; x_wconf 81' lang='lat' dir='ltr'>redea[n]t;</span> <span class='ocrx_word' id='word_1_131' title='bbox 1572 2774 1723 2861; x_wconf 87' lang='lat' dir='ltr'>quisque</span> <span class='ocrx_word' id='word_1_132' title='bbox 1759 2776 1923 2843; x_wconf 87' lang='lat' dir='ltr'>sacerdos</span> 
     </span>
     <span class='ocr_line' id='line_1_16' title="bbox 417 2907 1923 2995; baseline 0.005 -21"><span class='ocrx_word' id='word_1_133' title='bbox 417 2908 631 2995; x_wconf 84' lang='lat' dir='ltr'>parochialis</span> <span class='ocrx_word' id='word_1_134' title='bbox 670 2908 716 2975; x_wconf 87' lang='lat' dir='ltr'>de</span> <span class='ocrx_word' id='word_1_135' title='bbox 753 2907 1039 2976; x_wconf 85' lang='lat' dir='ltr'>confraternitate</span> <span class='ocrx_word' id='word_1_136' title='bbox 1078 2908 1230 2995; x_wconf 76' lang='lat' dir='ltr'>singulis</span> <span class='ocrx_word' id='word_1_137' title='bbox 1271 2910 1396 2976; x_wconf 89' lang='lat' dir='ltr'>diebus</span> <span class='ocrx_word' id='word_1_138' title='bbox 1436 2908 1624 2977; x_wconf 89' lang='lat' dir='ltr'>dominicis</span> <span class='ocrx_word' id='word_1_139' title='bbox 1659 2908 1753 2975; x_wconf 89' lang='lat' dir='ltr'>inter</span> <span class='ocrx_word' id='word_1_140' title='bbox 1788 2920 1923 2981; x_wconf 84' lang='lat' dir='ltr'>ceteras</span> 
     </span>
     <span class='ocr_line' id='line_1_17' title="bbox 416 3034 1923 3131; baseline -0.003 -19"><span class='ocrx_word' id='word_1_141' title='bbox 416 3064 538 3131; x_wconf 89' lang='lat' dir='ltr'>preces</span> <span class='ocrx_word' id='word_1_142' title='bbox 577 3054 652 3112; x_wconf 90' lang='lat' dir='ltr'>oret</span> <span class='ocrx_word' id='word_1_143' title='bbox 691 3062 757 3131; x_wconf 92' lang='lat' dir='ltr'>pro</span> <span class='ocrx_word' id='word_1_144' title='bbox 795 3043 962 3112; x_wconf 90' lang='lat' dir='ltr'>fratribus</span> <span class='ocrx_word' id='word_1_145' title='bbox 997 3053 1033 3111; x_wconf 92' lang='lat' dir='ltr'>et</span> <span class='ocrx_word' id='word_1_146' title='bbox 1070 3042 1250 3109; x_wconf 87' lang='lat' dir='ltr'>sororibus</span> <span class='ocrx_word' id='word_1_147' title='bbox 1278 3043 1324 3108; x_wconf 90' lang='lat' dir='ltr'>de</span> <span class='ocrx_word' id='word_1_148' title='bbox 1352 3038 1649 3119; x_wconf 87' lang='lat' dir='ltr'>confraternitate,</span> <span class='ocrx_word' id='word_1_149' title='bbox 1679 3038 1773 3106; x_wconf 92' lang='lat' dir='ltr'>inter</span> <span class='ocrx_word' id='word_1_150' title='bbox 1799 3034 1923 3125; x_wconf 87' lang='lat' dir='ltr'>preces</span> 
     </span>
     <span class='ocr_line' id='line_1_18' title="bbox 416 3165 1942 3269; baseline -0.003 -22"><span class='ocrx_word' id='word_1_151' title='bbox 416 3180 577 3247; x_wconf 84' lang='lat' dir='ltr'>vinorum</span> <span class='ocrx_word' id='word_1_152' title='bbox 616 3200 681 3267; x_wconf 91' lang='lat' dir='ltr'>pro</span> <span class='ocrx_word' id='word_1_153' title='bbox 723 3182 826 3263; x_wconf 78' lang='lat' dir='ltr'>vitris,</span> <span class='ocrx_word' id='word_1_154' title='bbox 869 3182 963 3249; x_wconf 88' lang='lat' dir='ltr'>inter</span> <span class='ocrx_word' id='word_1_155' title='bbox 1004 3200 1127 3269; x_wconf 88' lang='lat' dir='ltr'>preces</span> <span class='ocrx_word' id='word_1_156' title='bbox 1171 3188 1389 3246; x_wconf 86' lang='lat' dir='ltr'>mortuorum</span> <span class='ocrx_word' id='word_1_157' title='bbox 1430 3196 1497 3263; x_wconf 91' lang='lat' dir='ltr'>pro</span> <span class='ocrx_word' id='word_1_158' title='bbox 1539 3174 1725 3243; x_wconf 73' lang='lat' dir='ltr'>defunctis</span> <span class='ocrx_word' id='word_1_159' title='bbox 1794 3165 1942 3245; x_wconf 80' lang='lat' dir='ltr'>Nullus&#39;</span> 
     </span>
     <span class='ocr_line' id='line_1_19' title="bbox 418 3312 1925 3398; baseline -0.001 -17"><span class='ocrx_word' id='word_1_160' title='bbox 418 3316 638 3384; x_wconf 87' lang='lat' dir='ltr'>sacerdotum</span> <span class='ocrx_word' id='word_1_161' title='bbox 689 3318 734 3385; x_wconf 87' lang='lat' dir='ltr'>de</span> <span class='ocrx_word' id='word_1_162' title='bbox 779 3318 1037 3385; x_wconf 85' lang='lat' dir='ltr'>conuocacione</span> <span class='ocrx_word' id='word_1_163' title='bbox 1080 3316 1139 3383; x_wconf 92' lang='lat' dir='ltr'>die</span> <span class='ocrx_word' id='word_1_164' title='bbox 1181 3315 1314 3383; x_wconf 87' lang='lat' dir='ltr'>mensis</span> <span class='ocrx_word' id='word_1_165' title='bbox 1357 3312 1521 3381; x_wconf 87' lang='lat' dir='ltr'>facienda</span> <span class='ocrx_word' id='word_1_166' title='bbox 1565 3322 1760 3398; x_wconf 89' lang='lat' dir='ltr'>antequam</span> <span class='ocrx_word' id='word_1_167' title='bbox 1802 3312 1925 3380; x_wconf 90' lang='lat' dir='ltr'>diuina</span> 
     </span>
     <span class='ocr_line' id='line_1_20' title="bbox 418 3450 1924 3537; baseline -0.002 -16"><span class='ocrx_word' id='word_1_168' title='bbox 418 3455 637 3521; x_wconf 89' lang='lat' dir='ltr'>celebrentur</span> <span class='ocrx_word' id='word_1_169' title='bbox 664 3454 805 3523; x_wconf 88' lang='lat' dir='ltr'>recedat</span> <span class='ocrx_word' id='word_1_170' title='bbox 834 3454 904 3521; x_wconf 90' lang='lat' dir='ltr'>nisi</span> <span class='ocrx_word' id='word_1_171' title='bbox 933 3454 1196 3523; x_wconf 77' lang='lat' dir='ltr'>racionabiliter</span> <span class='ocrx_word' id='word_1_172' title='bbox 1230 3451 1335 3520; x_wconf 80' lang='lat' dir='ltr'>fuerit</span> <span class='ocrx_word' id='word_1_173' title='bbox 1373 3460 1583 3527; x_wconf 63' lang='lat' dir='ltr'>excusatum</span> <span class='ocrx_word' id='word_1_174' title='bbox 1631 3460 1688 3517; x_wconf 88' lang='lat' dir='ltr'>set</span> <span class='ocrx_word' id='word_1_175' title='bbox 1723 3450 1924 3537; x_wconf 88' lang='lat' dir='ltr'>quindecim</span> 
     </span>
     <span class='ocr_line' id='line_1_21' title="bbox 415 3586 1924 3679; baseline -0.001 -22"><span class='ocrx_word' id='word_1_176' title='bbox 415 3590 574 3675; x_wconf 85' lang='lat' dir='ltr'>psalmos</span> <span class='ocrx_word' id='word_1_177' title='bbox 602 3591 698 3659; x_wconf 88' lang='lat' dir='ltr'>dicat</span> <span class='ocrx_word' id='word_1_178' title='bbox 725 3590 965 3678; x_wconf 75' lang='lat' dir='ltr'>unusquisque</span> <span class='ocrx_word' id='word_1_179' title='bbox 992 3611 1058 3679; x_wconf 89' lang='lat' dir='ltr'>pro</span> <span class='ocrx_word' id='word_1_180' title='bbox 1086 3586 1261 3658; x_wconf 73' lang='lat' dir='ltr'>defunctis</span> <span class='ocrx_word' id='word_1_181' title='bbox 1293 3590 1378 3655; x_wconf 90' lang='lat' dir='ltr'>dum</span> <span class='ocrx_word' id='word_1_182' title='bbox 1414 3586 1526 3655; x_wconf 88' lang='lat' dir='ltr'>misse</span> <span class='ocrx_word' id='word_1_183' title='bbox 1559 3596 1736 3655; x_wconf 85' lang='lat' dir='ltr'>cantatur.</span> <span class='ocrx_word' id='word_1_184' title='bbox 1795 3587 1924 3655; x_wconf 87' lang='lat' dir='ltr'>Nullus</span> 
     </span>
     <span class='ocr_line' id='line_1_22' title="bbox 416 3722 1923 3817; baseline -0.001 -24"><span class='ocrx_word' id='word_1_185' title='bbox 416 3726 629 3794; x_wconf 76' lang='lat' dir='ltr'>confratrum</span> <span class='ocrx_word' id='word_1_186' title='bbox 658 3728 743 3795; x_wconf 89' lang='lat' dir='ltr'>dum</span> <span class='ocrx_word' id='word_1_187' title='bbox 771 3727 881 3795; x_wconf 87' lang='lat' dir='ltr'>misse</span> <span class='ocrx_word' id='word_1_188' title='bbox 909 3736 1072 3797; x_wconf 84' lang='lat' dir='ltr'>cantatur</span> <span class='ocrx_word' id='word_1_189' title='bbox 1099 3748 1163 3817; x_wconf 90' lang='lat' dir='ltr'>per</span> <span class='ocrx_word' id='word_1_190' title='bbox 1191 3725 1377 3794; x_wconf 79' lang='lat' dir='ltr'>ecclesium</span> <span class='ocrx_word' id='word_1_191' title='bbox 1406 3724 1582 3790; x_wconf 86' lang='lat' dir='ltr'>discurrat</span> <span class='ocrx_word' id='word_1_192' title='bbox 1609 3731 1665 3789; x_wconf 88' lang='lat' dir='ltr'>set</span> <span class='ocrx_word' id='word_1_193' title='bbox 1694 3722 1734 3789; x_wconf 91' lang='lat' dir='ltr'>in</span> <span class='ocrx_word' id='word_1_194' title='bbox 1762 3724 1923 3791; x_wconf 90' lang='lat' dir='ltr'>cancello</span> 
     </span>
    </p>

    <p class='ocr_par' dir='ltr' id='par_1_5' title="bbox 415 3860 1924 4223">
     <span class='ocr_line' id='line_1_23' title="bbox 416 3860 1923 3952; baseline -0.001 -23"><span class='ocrx_word' id='word_1_195' title='bbox 416 3872 511 3929; x_wconf 86' lang='lat' dir='ltr'>stent</span> <span class='ocrx_word' id='word_1_196' title='bbox 543 3882 667 3931; x_wconf 89' lang='lat' dir='ltr'>onmes</span> <span class='ocrx_word' id='word_1_197' title='bbox 699 3864 756 3931; x_wconf 87' lang='lat' dir='ltr'>vel</span> <span class='ocrx_word' id='word_1_198' title='bbox 788 3862 1026 3952; x_wconf 81' lang='lat' dir='ltr'>genuflectant</span> <span class='ocrx_word' id='word_1_199' title='bbox 1054 3874 1093 3933; x_wconf 87' lang='lat' dir='ltr'>vt</span> <span class='ocrx_word' id='word_1_200' title='bbox 1122 3864 1279 3951; x_wconf 90' lang='lat' dir='ltr'>ipsorum</span> <span class='ocrx_word' id='word_1_201' title='bbox 1308 3862 1472 3949; x_wconf 85' lang='lat' dir='ltr'>exemplo</span> <span class='ocrx_word' id='word_1_202' title='bbox 1500 3860 1583 3928; x_wconf 90' lang='lat' dir='ltr'>laici</span> <span class='ocrx_word' id='word_1_203' title='bbox 1610 3869 1846 3947; x_wconf 90' lang='lat' dir='ltr'>prouocentur</span> <span class='ocrx_word' id='word_1_204' title='bbox 1874 3862 1923 3927; x_wconf 86' lang='lat' dir='ltr'>ad</span> 
     </span>
     <span class='ocr_line' id='line_1_24' title="bbox 416 3996 1924 4087; baseline -0.001 -20"><span class='ocrx_word' id='word_1_205' title='bbox 416 4000 608 4067; x_wconf 85' lang='lat' dir='ltr'>consimile.</span> <span class='ocrx_word' id='word_1_206' title='bbox 662 4000 792 4067; x_wconf 73' lang='lat' dir='ltr'>Nulllus</span> <span class='ocrx_word' id='word_1_207' title='bbox 820 4002 866 4068; x_wconf 84' lang='lat' dir='ltr'>nd</span> <span class='ocrx_word' id='word_1_208' title='bbox 891 4000 1102 4069; x_wconf 78' lang='lat' dir='ltr'>confrariam</span> <span class='ocrx_word' id='word_1_209' title='bbox 1124 4001 1315 4087; x_wconf 71' lang='lat' dir='ltr'>recipiatur</span> <span class='ocrx_word' id='word_1_210' title='bbox 1338 3999 1410 4067; x_wconf 88' lang='lat' dir='ltr'>nisi</span> <span class='ocrx_word' id='word_1_211' title='bbox 1433 4018 1500 4085; x_wconf 92' lang='lat' dir='ltr'>per</span> <span class='ocrx_word' id='word_1_212' title='bbox 1524 3996 1712 4064; x_wconf 89' lang='lat' dir='ltr'>consilium</span> <span class='ocrx_word' id='word_1_213' title='bbox 1737 4016 1924 4065; x_wconf 87' lang='lat' dir='ltr'>commune</span> 
     </span>
     <span class='ocr_line' id='line_1_25' title="bbox 415 4129 1923 4223; baseline -0.004 -21"><span class='ocrx_word' id='word_1_214' title='bbox 415 4134 647 4203; x_wconf 85' lang='lat' dir='ltr'>confratrum:</span> <span class='ocrx_word' id='word_1_215' title='bbox 692 4135 914 4223; x_wconf 88' lang='lat' dir='ltr'>recipiendus</span> <span class='ocrx_word' id='word_1_216' title='bbox 945 4146 1064 4203; x_wconf 86' lang='lat' dir='ltr'>autem</span> <span class='ocrx_word' id='word_1_217' title='bbox 1092 4134 1140 4202; x_wconf 85' lang='lat' dir='ltr'>sit</span> <span class='ocrx_word' id='word_1_218' title='bbox 1168 4134 1224 4200; x_wconf 90' lang='lat' dir='ltr'>vir</span> <span class='ocrx_word' id='word_1_219' title='bbox 1251 4134 1400 4201; x_wconf 83' lang='lat' dir='ltr'>honeste</span> <span class='ocrx_word' id='word_1_220' title='bbox 1435 4129 1720 4199; x_wconf 87' lang='lat' dir='ltr'>conuersacionis</span> <span class='ocrx_word' id='word_1_221' title='bbox 1757 4138 1795 4196; x_wconf 92' lang='lat' dir='ltr'>et</span> <span class='ocrx_word' id='word_1_222' title='bbox 1828 4131 1923 4197; x_wconf 89' lang='lat' dir='ltr'>bone</span> 
     </span>
    </p>

    <p class='ocr_par' dir='ltr' id='par_1_6' title="bbox 195 4265 1921 4905">
     <span class='ocr_line' id='line_1_26' title="bbox 414 4265 1921 4359; baseline -0.005 -20"><span class='ocrx_word' id='word_1_223' title='bbox 414 4268 507 4339; x_wconf 87' lang='lat' dir='ltr'>fame</span> <span class='ocrx_word' id='word_1_224' title='bbox 534 4281 662 4359; x_wconf 88' lang='lat' dir='ltr'>potens</span> <span class='ocrx_word' id='word_1_225' title='bbox 690 4270 900 4339; x_wconf 79' lang='lat' dir='ltr'>confrarIam</span> <span class='ocrx_word' id='word_1_226' title='bbox 928 4272 1101 4339; x_wconf 88' lang='lat' dir='ltr'>sustinere</span> <span class='ocrx_word' id='word_1_227' title='bbox 1126 4279 1163 4338; x_wconf 90' lang='lat' dir='ltr'>et</span> <span class='ocrx_word' id='word_1_228' title='bbox 1187 4268 1466 4337; x_wconf 89' lang='lat' dir='ltr'>confraternitati</span> <span class='ocrx_word' id='word_1_229' title='bbox 1497 4266 1676 4355; x_wconf 82' lang='lat' dir='ltr'>prodesse</span> <span class='ocrx_word' id='word_1_230' title='bbox 1733 4265 1921 4350; x_wconf 85' lang='lat' dir='ltr'>Juramen·</span> 
     </span>
     <span class='ocr_line' id='line_1_27' title="bbox 195 4368 1920 4496; baseline -0.008 -14"><span class='ocrx_word' id='word_1_231' title='bbox 195 4428 388 4493; x_wconf 66' lang='lat' dir='ltr'>siemun-</span> <span class='ocrx_word' id='word_1_232' title='bbox 414 4419 489 4476; x_wconf 88' lang='lat' dir='ltr'>tum</span> <span class='ocrx_word' id='word_1_233' title='bbox 507 4368 518 4391; x_wconf 56' lang='grc'><strong>’</strong></span> <span class='ocrx_word' id='word_1_234' title='bbox 533 4409 630 4477; x_wconf 90' lang='lat' dir='ltr'>illius</span> <span class='ocrx_word' id='word_1_235' title='bbox 671 4409 734 4496; x_wconf 92' lang='lat' dir='ltr'>qui</span> <span class='ocrx_word' id='word_1_236' title='bbox 776 4408 944 4496; x_wconf 86' lang='lat' dir='ltr'>recipitur</span> <span class='ocrx_word' id='word_1_237' title='bbox 986 4410 1033 4475; x_wconf 86' lang='lat' dir='ltr'>ad</span> <span class='ocrx_word' id='word_1_238' title='bbox 1075 4406 1286 4475; x_wconf 85' lang='lat' dir='ltr'>confrariem</span> <span class='ocrx_word' id='word_1_239' title='bbox 1329 4406 1378 4473; x_wconf 89' lang='lat' dir='ltr'>sit</span> <span class='ocrx_word' id='word_1_240' title='bbox 1419 4404 1639 4492; x_wconf 76' lang='lat' dir='ltr'>taler-Ego</span> <span class='ocrx_word' id='word_1_241' title='bbox 1682 4402 1728 4470; x_wconf 89' lang='lat' dir='ltr'>N.</span> <span class='ocrx_word' id='word_1_242' title='bbox 1772 4404 1831 4471; x_wconf 81' lang='lat' dir='ltr'>vel</span> <span class='ocrx_word' id='word_1_243' title='bbox 1873 4403 1920 4469; x_wconf 86' lang='lat' dir='ltr'>N.</span> 
     </span>
     <span class='ocr_line' id='line_1_28' title="bbox 263 4504 1920 4632; baseline -0.003 -20"><span class='ocrx_word' id='word_1_244' title='bbox 263 4504 318 4547; x_wconf 79' lang='lat'>‘⁷¹¹&#39;</span> <span class='ocrx_word' id='word_1_245' title='bbox 416 4546 597 4613; x_wconf 75' lang='lat' dir='ltr'>sustinebo</span> <span class='ocrx_word' id='word_1_246' title='bbox 618 4545 827 4613; x_wconf 72' lang='lat' dir='ltr'>consanam</span> <span class='ocrx_word' id='word_1_247' title='bbox 850 4565 956 4632; x_wconf 80' lang='lat' dir='ltr'>quam</span> <span class='ocrx_word' id='word_1_248' title='bbox 978 4542 1159 4629; x_wconf 74' lang='lat' dir='ltr'>ingredior</span> <span class='ocrx_word' id='word_1_249' title='bbox 1178 4562 1287 4629; x_wconf 72' lang='lat' dir='ltr'>quam</span> <span class='ocrx_word' id='word_1_250' title='bbox 1307 4541 1371 4608; x_wconf 79' lang='lat' dir='ltr'>niu</span> <span class='ocrx_word' id='word_1_251' title='bbox 1398 4539 1603 4609; x_wconf 61' lang='lat' dir='ltr'>rametam</span> <span class='ocrx_word' id='word_1_252' title='bbox 1631 4540 1808 4616; x_wconf 59' lang='lat' dir='ltr'>tanuen</span> <span class='ocrx_word' id='word_1_253' title='bbox 1838 4541 1920 4608; x_wconf 76' lang='lat' dir='ltr'><strong>v010</strong></span> 
     </span>
     <span class='ocr_line' id='line_1_29' title="bbox 416 4676 1920 4769; baseline -0.003 -20"><span class='ocrx_word' id='word_1_254' title='bbox 416 4682 692 4750; x_wconf 87' lang='lat' dir='ltr'>confraternitati</span> <span class='ocrx_word' id='word_1_255' title='bbox 721 4683 889 4769; x_wconf 88' lang='lat' dir='ltr'>prodesse</span> <span class='ocrx_word' id='word_1_256' title='bbox 914 4700 986 4749; x_wconf 90' lang='lat' dir='ltr'>non</span> <span class='ocrx_word' id='word_1_257' title='bbox 1011 4682 1155 4758; x_wconf 80' lang='lat' dir='ltr'>obesse;</span> <span class='ocrx_word' id='word_1_258' title='bbox 1185 4680 1344 4747; x_wconf 87' lang='lat' dir='ltr'>redditus</span> <span class='ocrx_word' id='word_1_259' title='bbox 1367 4689 1404 4746; x_wconf 88' lang='lat' dir='ltr'>et</span> <span class='ocrx_word' id='word_1_260' title='bbox 1429 4677 1502 4747; x_wconf 86' lang='lat' dir='ltr'>alia</span> <span class='ocrx_word' id='word_1_261' title='bbox 1525 4678 1571 4745; x_wconf 87' lang='lat' dir='ltr'>ad</span> <span class='ocrx_word' id='word_1_262' title='bbox 1597 4676 1920 4745; x_wconf 83' lang='lat' dir='ltr'>confraternitatem</span> 
     </span>
     <span class='ocr_line' id='line_1_30' title="bbox 416 4812 1920 4905; baseline -0.003 -20"><span class='ocrx_word' id='word_1_263' title='bbox 416 4818 618 4905; x_wconf 83' lang='lat' dir='ltr'>speotuncia</span> <span class='ocrx_word' id='word_1_264' title='bbox 651 4821 733 4886; x_wconf 85' lang='lat' dir='ltr'>volo</span> <span class='ocrx_word' id='word_1_265' title='bbox 768 4816 954 4885; x_wconf 88' lang='lat' dir='ltr'>defendere</span> <span class='ocrx_word' id='word_1_266' title='bbox 989 4816 1138 4885; x_wconf 88' lang='lat' dir='ltr'>consilio</span> <span class='ocrx_word' id='word_1_267' title='bbox 1175 4825 1213 4882; x_wconf 88' lang='lat' dir='ltr'>et</span> <span class='ocrx_word' id='word_1_268' title='bbox 1251 4815 1387 4883; x_wconf 83' lang='lat' dir='ltr'>auxilio</span> <span class='ocrx_word' id='word_1_269' title='bbox 1426 4834 1506 4883; x_wconf 90' lang='lat' dir='ltr'>cum</span> <span class='ocrx_word' id='word_1_270' title='bbox 1545 4832 1688 4896; x_wconf 87' lang='lat' dir='ltr'>necesse</span> <span class='ocrx_word' id='word_1_271' title='bbox 1727 4812 1843 4895; x_wconf 80' lang='lat' dir='ltr'>fiterit,</span> <span class='ocrx_word' id='word_1_272' title='bbox 1882 4822 1920 4881; x_wconf 90' lang='lat' dir='ltr'>et</span> 
     </span>
    </p>

    <p class='ocr_par' dir='ltr' id='par_1_7' title="bbox 414 4949 1919 5042">
     <span class='ocr_line' id='line_1_31' title="bbox 414 4949 1919 5042; baseline -0.006 -19"><span class='ocrx_word' id='word_1_273' title='bbox 414 4958 509 5023; x_wconf 89' lang='lat' dir='ltr'>bona</span> <span class='ocrx_word' id='word_1_274' title='bbox 537 4957 594 5022; x_wconf 83' lang='lat' dir='ltr'>vel</span> <span class='ocrx_word' id='word_1_275' title='bbox 622 4956 809 5042; x_wconf 86' lang='lat' dir='ltr'>pecuniam</span> <span class='ocrx_word' id='word_1_276' title='bbox 838 4956 932 5023; x_wconf 91' lang='lat' dir='ltr'>dicte</span> <span class='ocrx_word' id='word_1_277' title='bbox 967 4952 1265 5023; x_wconf 85' lang='lat' dir='ltr'>confraternitatis</span> <span class='ocrx_word' id='word_1_278' title='bbox 1300 4952 1434 5020; x_wconf 85' lang='lat' dir='ltr'>vtiliter</span> <span class='ocrx_word' id='word_1_279' title='bbox 1468 4949 1680 5030; x_wconf 83' lang='lat' dir='ltr'>ministrare,</span> <span class='ocrx_word' id='word_1_280' title='bbox 1716 4958 1919 5035; x_wconf 89' lang='lat' dir='ltr'>compotum</span> 
     </span>
    </p>
   </div>
   <div class='ocr_carea' id='block_1_3' title="bbox 1014 5125 1320 5179">
    <p class='ocr_par' dir='ltr' id='par_1_8' title="bbox 1014 5125 1320 5179">
     <span class='ocr_line' id='line_1_32' title="bbox 1014 5125 1320 5179; baseline -0.013 1"><span class='ocrx_word' id='word_1_281' title='bbox 1014 5126 1026 5158; x_wconf 87' lang='lat'><em>¹</em></span> <span class='ocrx_word' id='word_1_282' title='bbox 1042 5126 1104 5179; x_wconf 75' lang='lat' dir='ltr'>MS.</span> <span class='ocrx_word' id='word_1_283' title='bbox 1120 5125 1320 5179; x_wconf 80' lang='lat' dir='ltr'>distrubendum.</span> 
     </span>
    </p>
   </div>
   <div class='ocr_carea' id='block_1_4' title="bbox 0 0 2492 6309">
    <p class='ocr_par' dir='ltr' id='par_1_9' title="bbox 0 0 2492 6309">
     <span class='ocr_line' id='line_1_33' title="bbox 0 0 2492 6309; baseline 0 0"><span class='ocrx_word' id='word_1_284' title='bbox 0 0 2492 6309; x_wconf 95' lang='lat' dir='ltr'> </span> 
     </span>
    </p>
   </div>
  </div>
 </body>
</html>
