4975 6309
756 771 854 862 sne
877 770 1016 861 little
1040 771 1139 862 πρὸ
1163 772 1292 864 ticoli
1316 774 1368 864 ol
1396 774 1588 866 tinstol.
1656 856 1660 863 .
1845 800 1918 874 219

417 988 456 1054 in
484 986 648 1055 omnibus
675 986 843 1073 predictis
871 984 1091 1065 tenementis,
1121 986 1243 1073 shopis
1272 996 1309 1054 et
1337 988 1468 1055 solario
1496 1007 1577 1056 cum
1606 988 1770 1057 omnibus
1797 1007 1919 1057 eorum

417 1122 643 1209 pertinenciis
671 1122 821 1209 ingredi,
849 1120 1062 1209 distringere
1092 1130 1129 1189 et
1164 1122 1407 1191 districciones
1443 1124 1576 1192 ibidem
1610 1126 1774 1193 inuentos
1808 1144 1920 1213 penes

418 1278 457 1325 se
506 1259 666 1339 retinere,
717 1276 856 1325 necnon
907 1256 1103 1343 predictum
1149 1258 1331 1327 dominum
1385 1259 1515 1343 David,
1570 1264 1647 1349 ejus
1700 1283 1919 1332 successores
1973 1311 1979 1323 ·

418 1397 621 1481 capellanos
675 1414 717 1461 ac
767 1393 879 1462 eciam
929 1413 1050 1461 eorum
1093 1403 1255 1462 tenentes
1297 1396 1454 1465 totaliter
1489 1370 1580 1467 inde
1622 1400 1799 1487 expellere
1840 1400 1919 1468 sine

419 1532 699 1603 contradiccione
727 1532 976 1618 cujuscumque
1004 1550 1186 1618 quousque
1213 1534 1260 1600 de
1288 1534 1452 1601 omnibus
1487 1536 1655 1623 predictis
1693 1538 1853 1606 semiciis
1881 1547 1919 1606 et

421 1672 584 1739 omnibus
613 1670 770 1739 articulis
799 1690 842 1736 ac
870 1667 1059 1755 arreragiis
1087 1668 1248 1755 superius
1276 1671 1452 1739 contentis
1479 1681 1544 1759 per
1572 1692 1633 1741 eos
1652 1674 1757 1759 juxta
1777 1674 1918 1741 ordina·

419 1809 556 1877 donem
584 1808 733 1895 Majoris
752 1806 836 1874 ville
857 1805 1048 1887 Bristollie,
1070 1806 1194 1873 vicarii
1214 1816 1252 1873 et
1271 1810 1456 1875 custodum
1478 1809 1573 1877 dicte
1593 1810 1741 1877 ecclesie
1762 1808 1919 1896 plenarie

418 1946 524 2013 fuerit
560 1944 789 2012 satisfactum.
847 1942 897 2009 Et
935 1942 1059 2009 ordino
1102 1944 1198 2028 quod
1235 1942 1351 2011 dictus
1388 1944 1508 2011 David
1536 1956 1573 2012 et
1608 1964 1827 2013 successores
1862 1946 1919 2013 sni

418 2081 558 2149 soluent
584 2078 789 2145 custodibus
817 2076 911 2143 dicte
938 2077 1086 2144 ecclesie
1114 2078 1161 2143 ad
1181 2076 1381 2145 faciendum
1403 2080 1587 2149 ecclesiam
1609 2078 1734 2149 Sancti
1754 2080 1920 2149 Nicholai

418 2234 482 2283 sex
517 2214 649 2283 solidos
685 2222 721 2281 et
750 2220 831 2280 octo
873 2210 1037 2280 donadus
1080 2232 1145 2299 pro
1185 2214 1344 2299 quolibet
1378 2214 1527 2283 articrrlo
1560 2217 1665 2303 juxta
1697 2215 1846 2283 formam
1881 2223 1920 2281 et

418 2350 678 2421 ordinacionem
707 2351 868 2437 superius
903 2358 1107 2417 contentam
1143 2350 1195 2417 sic
1233 2368 1306 2417 non
1346 2353 1533 2437 completo,
1571 2352 1631 2419 Ita
1667 2361 1787 2419 tamen
1824 2352 1920 2438 quod

419 2506 527 2573 quarn
566 2488 637 2555 cito
666 2486 852 2574 contingat
879 2486 1012 2553 dictrtm
1041 2484 1222 2554 domiuum
1252 2486 1372 2554 David
1407 2495 1444 2553 et
1487 2505 1707 2555 successores
1742 2505 1827 2553 suos
1861 2487 1921 2553 vel

419 2623 550 2691 dictam
580 2620 783 2691 Cantariam
811 2622 1044 2708 quouismodo
1066 2642 1193 2701 vacare
1221 2632 1305 2709 post
1332 2632 1483 2691 mortem
1519 2644 1646 2704 meam,
1682 2622 1800 2710 Major
1835 2622 1921 2690 ville

421 2760 602 2827 Bristollie
637 2758 698 2845 qui
735 2777 802 2846 pro
845 2767 1003 2845 ternpore
1045 2758 1150 2826 iirerit
1191 2768 1274 2845 post
1316 2770 1468 2828 mortem
1511 2760 1624 2845 ipsius
1660 2760 1837 2846 capellani
1874 2759 1922 2826 ad

193 2921 396 2974 pemmo
420 2896 631 2963 eleccionem
661 2915 724 2963 seu
752 2894 1078 2963 denominacionem
1107 2896 1269 2981 perpetui
1289 2897 1413 2965 vicarii
1434 2898 1582 2965 ecclesie
1610 2897 1735 2967 Sancti
1756 2896 1921 2965 Nicholai

199 2986 389 3104 &ciffi
420 3030 601 3099 Bristollie
629 3032 661 3097 si
685 3050 831 3117 presens
850 3029 956 3098 fuerit
975 3041 1013 3098 et
1033 3032 1218 3099 custodum
1239 3032 1398 3118 quedem
1426 3033 1574 3101 ecclesie
1594 3032 1656 3120 qui
1676 3051 1742 3119 pro
1763 3041 1923 3119 tempore

419 3166 550 3236 firefint
576 3166 731 3254 aliquem
763 3169 986 3256 capellanum
1015 3168 1192 3256 ydoneum
1228 3171 1385 3237 moribus
1420 3179 1458 3236 et
1493 3168 1647 3237 sciencia
1687 3169 1768 3236 loco
1808 3167 1922 3254 ipsius

420 3306 595 3389 capsum
623 3306 778 3373 sennes
807 3309 873 3375 sub
902 3307 1021 3396 sigillo
1050 3306 1156 3375 officii
1184 3286 1389 3395 majmaurs
1404 3310 1490 3377 vnn
1518 3308 1697 3376 assarna
1732 3306 1922 3375 nmmo

419 3443 489 3511 loci
516 3441 613 3510 illius
641 3444 688 3510 ad
715 3442 910 3529 predictam
939 3443 1143 3511 Centuriam
1178 3444 1377 3514 faciendam
1406 3446 1664 3533 imperpetuum
1691 3444 1920 3530 presentabit,

418 3589 457 3647 vt
485 3580 580 3649 idem
605 3580 816 3648 dimersus
843 3580 959 3667 ipsum
986 3582 1209 3668 capellanum
1238 3604 1302 3671 per
1330 3584 1500 3671 majorem
1529 3583 1581 3649 sic
1606 3590 1849 3668 presentatum
1874 3582 1921 3650 ad

418 3716 550 3783 dictam
586 3716 790 3785 cantariam
824 3728 1054 3805 occupantem
1098 3718 1265 3787 admittat
1306 3729 1343 3788 et
1386 3719 1504 3806 ipsum
1547 3718 1772 3803 capellanum
1815 3725 1921 3802 prout

416 3851 551 3939 justum
586 3852 690 3921 fiuent
726 3853 764 3919 in
799 3855 948 3921 eandem
985 3854 1179 3922 cantariam
1215 3854 1322 3923 faciet
1349 3855 1488 3931 induci;
1518 3854 1719 3941 iuramento
1747 3854 1921 3940 corporali

420 3997 457 4054 et
484 3990 659 4075 solempni
687 3989 835 4076 prestito
863 3990 909 4057 de
933 3992 1105 4077 corporali
1134 3990 1331 4061 residencia
1359 3991 1395 4057 in
1426 3990 1524 4057 dicta
1553 3988 1732 4070 cantaria,
1754 3999 1792 4058 et
1823 3990 1920 4077 quod

419 4124 556 4192 nullum
575 4124 785 4193 beneficium
806 4147 886 4195 cum
908 4147 992 4194 cura
1009 4129 1066 4194 vel
1089 4126 1166 4197 sine
1186 4148 1270 4195 cura
1289 4128 1367 4195 sine
1384 4126 1629 4214 resignacione
1649 4126 1743 4193 dicte
1763 4125 1920 4195 cantaria

419 4262 596 4348 ocupabit,
633 4262 696 4331 sed
732 4262 823 4330 infra
866 4270 1023 4333 mensem
1066 4276 1149 4352 post
1192 4268 1359 4352 adeptum
1392 4262 1601 4331 beneficium
1631 4262 1726 4330 dicte
1762 4262 1920 4330 cantaria

419 4397 539 4481 palam
567 4406 603 4465 et
630 4398 771 4485 publice
799 4400 1005 4487 resignabit,
1034 4422 1099 4468 nec
1129 4402 1259 4469 seruiet
1287 4401 1442 4467 indicta
1462 4400 1612 4467 ecclesia
1633 4397 1720 4466 alibi
1741 4398 1780 4464 in
1800 4396 1917 4465 officio

423 4531 642 4601 Sacerdotali
691 4536 886 4622 parochiali
929 4538 986 4605 vel
1026 4537 1139 4605 Beate
1187 4536 1302 4605 Meris
1344 4536 1516 4625 Virginis,
1560 4554 1626 4602 nec
1666 4535 1820 4603 aunude
1860 4536 1918 4603 vel

419 4672 587 4739 annualia
614 4672 770 4759 recipiet,
799 4674 952 4741 celebret
976 4674 1033 4740 vel
1061 4673 1237 4741 admittat
1282 4672 1370 4742 Sine
1398 4694 1469 4760 quo
1493 4674 1695 4760 juramento
1715 4672 1800 4738 nolo
1822 4672 1917 4757 quod

289 4858 294 4865 .
419 4808 548 4893 aliquis
587 4828 825 4877 successorum
870 4810 956 4878 dicti
996 4810 1117 4878 David
1158 4810 1197 4876 in
1240 4810 1337 4876 dicta
1380 4807 1548 4877 cantaria
1583 4808 1715 4876 habeat
1757 4810 1818 4895 jus
1860 4808 1919 4875 vel

418 4942 560 5011 titulum
592 4944 712 5030 aliqua
747 4945 846 5013 nulla
881 4946 1149 5032 dispensacione
1184 4944 1409 5033 suffragante.
1464 4944 1513 5011 Et
1547 4945 1580 5011 si
1614 4944 1731 5011 dictus
1766 4943 1919 5012 mentius

419 5084 476 5149 vel
514 5101 732 5151 successores
775 5082 830 5150 sui
872 5085 930 5150 vel
973 5084 1058 5152 dicti
1101 5084 1266 5151 custodes
1303 5084 1362 5149 vel
1399 5099 1617 5149 successores
1654 5080 1710 5148 sui
1749 5080 1811 5166 qui
1853 5100 1918 5169 pro
