4975 6309
715 808 814 901 doe
835 808 976 900 little
999 808 1098 898 tice
1123 808 1253 955 noni
1277 807 1327 898 ot
1357 805 1544 902 erutos
1834 823 1882 914 ⁶5

372 1025 631 1092 observandum
653 1025 700 1092 de
720 1022 973 1091 mercatoribus
993 1024 1041 1090 ad
1063 1041 1285 1090 communem
1307 1022 1435 1110 legem.
1479 1023 1528 1090 Et
1549 1023 1580 1090 si
1602 1041 1753 1111 quereus
1774 1036 1887 1096 testes

371 1161 464 1230 teies
496 1161 682 1228 nominare
709 1179 783 1227 non
819 1159 939 1226 valeat
967 1157 1029 1245 qui
1059 1170 1142 1225 sunt
1171 1157 1264 1226 insta
1289 1159 1430 1226 bundas
1458 1161 1604 1227 mercati
1630 1161 1888 1248 distringibiles

372 1306 457 1365 tunc
490 1298 647 1364 adducat
682 1315 804 1364 secum
839 1303 950 1364 testes
985 1314 1070 1363 suos
1103 1266 1193 1362 citra
1228 1295 1376 1364 terciam
1408 1297 1467 1364 vei
1492 1299 1540 1365 ad
1567 1297 1713 1366 tmuium
1752 1300 1886 1367 cunam

371 1434 532 1520 proxim
572 1443 791 1521 sequentem,
829 1433 886 1500 ita-
920 1433 1016 1519 quod
1033 1447 1038 1458 ·
1056 1433 1203 1500 terciam
1238 1433 1372 1500 citriam
1413 1435 1545 1502 habeat
1579 1435 1625 1501 ad
1665 1436 1897 1520 probandum·
1984 1499 1985 1504 ,

372 1572 713 1640 demonstracionem
742 1591 856 1651 suam,
884 1579 923 1638 et
947 1569 1019 1636 uisi
1040 1589 1122 1637 eam
1142 1571 1301 1657 plenarie
1325 1571 1529 1657 probauerit
1551 1571 1641 1639 citra
1663 1572 1808 1640 terciam
1828 1574 1888 1640 vei

373 1711 419 1776 ud
458 1708 604 1776 terciam
654 1707 789 1774 curiam
832 1707 974 1774 recedat
1017 1706 1212 1774 defendens
1254 1708 1301 1774 eb
1345 1727 1388 1774 eo
1439 1707 1504 1774 iila
1545 1708 1622 1775 vioe
1666 1709 1807 1795 quietus
1848 1719 1886 1776 et

372 1847 618 1916 adiudicentur
651 1847 811 1932 dampna
843 1843 1047 1912 defendenti
1079 1863 1144 1930 per
1175 1843 1429 1912 discrecionem
1459 1855 1692 1912 mercatorum
1727 1845 1885 1912 eiusdem

375 1983 490 2064 Curis,
518 1983 643 2051 habito
668 1993 833 2069 respectu
861 1983 908 2049 ad
937 2000 1067 2062 moras,
1096 1980 1302 2062 dilacioues,
1326 1999 1503 2066 expensas
1528 1994 1565 2048 et
1588 1984 1660 2050 alis
1689 1983 1892 2070 dispendia,

373 2132 410 2188 et
433 2121 749 2208 incommodaque
771 2120 868 2188 idem
892 2119 1086 2188 defendens
1113 2120 1240 2188 habuit
1269 2121 1456 2190 occasione
1483 2121 1686 2190 huiusmodi
1715 2119 1887 2187 attachis-

372 2255 483 2324 ruenti
511 2275 618 2341 super
637 2275 683 2324 eo
701 2255 798 2323 facti.
842 2255 889 2323 Et
911 2257 1006 2342 quod
1027 2267 1158 2323 extimo
1179 2257 1217 2322 in
1239 2257 1338 2324 nulla
1360 2257 1467 2326 Curia
1488 2257 1698 2325 mercatoria
1721 2264 1885 2323 teneatur

374 2394 468 2460 idem
496 2393 662 2461 defensor
694 2391 810 2460 eidem
850 2391 1012 2478 querenti
1047 2393 1263 2477 respondere
1294 2393 1340 2459 de
1371 2393 1496 2461 eadem
1533 2393 1677 2479 querela
1721 2411 1768 2458 ex
1799 2410 1887 2476 qua·

374 2549 513 2615 cunque
539 2549 649 2596 causa
672 2528 873 2615 peruenerit
900 2529 1106 2616 priusquam
1135 2531 1181 2596 de
1209 2529 1412 2596 huiusmodi
1440 2529 1606 2616 dampnis
1633 2529 1793 2616 plenarie
1817 2526 1886 2594 sibi

374 2666 593 2745 mtisfecerit,
631 2676 670 2735 et
708 2665 960 2734 nichilominus
993 2668 1150 2754 dampna
1183 2667 1249 2734 illa
1289 2677 1478 2756 postquam
1514 2666 1718 2736 adiudiceta
1756 2663 1887 2732 fireriut

374 2804 577 2872 defendenti
618 2802 854 2871 incontinenti
883 2804 1056 2889 leuentur,
1096 2814 1135 2872 et
1169 2803 1203 2871 ei
1232 2805 1271 2870 in
1308 2806 1417 2890 plena
1452 2803 1551 2872 curia
1585 2805 1779 2870 soluentur.
1839 2799 1889 2866 Et

374 2951 562 3028 postquam
598 2939 801 3008 huiusmodi
836 2940 1006 3026 placitum
1035 2950 1072 3009 et
1114 2940 1273 3009 eiusdem
1316 2942 1484 3010 execucio
1526 2939 1717 3008 terminata
1758 2921 1889 3006 iirerint

374 3080 532 3148 habeant
556 3089 678 3165 partas
700 3077 733 3144 si
756 3077 932 3144 voluerint
953 3076 1206 3164 transcriptum
1231 3079 1369 3145 recordi
1388 3079 1465 3146 siue
1489 3081 1672 3148 recorduru
1694 3081 1888 3147 rouuorum

373 3215 459 3284 ferie
484 3235 548 3282 seu
577 3215 725 3283 mercati
754 3217 823 3284 sub
850 3214 1029 3283 communi
1048 3215 1170 3303 sigilio
1203 3215 1362 3284 eiusdem
1391 3235 1457 3289 seu
1485 3217 1630 3284 mercati
1658 3235 1782 3284 versus
1813 3235 1887 3297 eos,

372 3355 432 3422 Ita
459 3352 555 3439 quod
585 3351 725 3438 possint
752 3351 847 3420 idem
875 3353 1059 3420 recorduru
1086 3355 1244 3440 allegare
1273 3359 1310 3421 et
1331 3353 1505 3421 aduncare
1530 3353 1562 3420 si
1590 3352 1817 3439 postmodum
1842 3352 1888 3418 de

374 3492 499 3559 eodem
534 3489 752 3557 occasionati
779 3485 911 3556 fuerint
938 3489 997 3556 vai
1024 3488 1109 3556 inde
1138 3488 1325 3581 indigeant
1351 3499 1477 3575 postea
1505 3509 1551 3555 ex
1575 3487 1682 3554 certis
1709 3487 1828 3554 causis
1849 3487 1888 3553 in

374 3628 454 3695 aiiis
481 3627 581 3694 feriis
605 3635 644 3694 et
666 3625 842 3694 mercatis.
901 3623 951 3690 Et
979 3643 1120 3711 semper
1143 3645 1208 3711 per
1231 3625 1388 3692 medium
1414 3624 1563 3692 soluitur
1587 3623 1716 3722 clerico
1739 3621 1888 3690 mercati

371 3785 436 3852 pro
461 3786 488 3831 x
512 3763 618 3831 lineis
642 3783 735 3830 unus
758 3763 926 3829 denarius
948 3771 986 3828 et
1013 3781 1079 3848 pro
1108 3760 1230 3848 sigillo
1261 3761 1311 3847 iiij
1344 3761 1491 3828 denarii.
1535 3759 1584 3827 Et
1613 3759 1645 3827 si
1666 3759 1887 3827 demonstra-

372 3903 511 3970 cionem
545 3920 647 3968 suam
677 3901 829 3986 probare
856 3899 987 3986 poterit
1012 3918 1093 3964 cum
1123 3899 1237 3966 tribus
1263 3899 1414 3966 testibus
1443 3898 1538 3966 notis
1566 3907 1603 3966 et
1629 3895 1822 3982 fidedignis
1851 3904 1888 3962 et

373 4038 639 4122 sufficientibus,
685 4046 771 4104 tunc
821 4045 1005 4122 recuperet
1053 4035 1247 4102 secundum
1295 4036 1392 4120 quod
1435 4033 1638 4120 probauerit
1683 4031 1753 4099 nisi
1797 4031 1887 4098 forte

373 4175 567 4244 defendens
595 4173 721 4242 offerat
748 4181 786 4240 et
814 4192 945 4239 nouam
977 4170 1202 4238 securitatem
1231 4171 1391 4239 inueniat
1419 4174 1466 4240 ad
1491 4169 1771 4238 concinnendum
1801 4189 1886 4255 que·

373 4323 508 4379 rentem
558 4311 635 4378 siue
678 4318 846 4397 agentem
887 4317 926 4376 et
969 4318 1103 4376 sectam
1149 4329 1252 4376 suam
1294 4311 1333 4376 in
1376 4307 1491 4376 forma
1533 4327 1602 4394 que
1649 4305 1884 4392 subsequitur,

374 4448 460 4536 Cap
486 4469 549 4515 xx.
573 4447 632 4515 De
652 4445 820 4524 aduncam
850 4455 887 4514 et
911 4447 1072 4531 dampna
1096 4455 1134 4513 et
1157 4463 1315 4531 expense
1340 4444 1378 4510 in
1404 4443 1475 4512 isto
1503 4443 1636 4531 placito
1657 4441 1790 4528 placito
1816 4440 1886 4530 (sic)

373 4587 420 4654 de
444 4585 565 4653 debito
587 4595 625 4653 et
647 4585 686 4652 in
712 4581 810 4652 omni
835 4581 908 4648 elio
932 4581 993 4647 vbi
1017 4600 1171 4667 querens
1199 4588 1383 4666 recuperat
1410 4598 1476 4664 per
1502 4577 1735 4664 probaciones
1756 4575 1888 4642 debent

372 4719 567 4788 adiudicari
594 4738 659 4805 per
686 4726 901 4788 mercatores
926 4715 1031 4784 Curis
1056 4726 1093 4783 et
1122 4735 1195 4783 non
1224 4736 1290 4801 per
1311 4724 1433 4782 testes.
1478 4713 1543 4783 Set
1567 4715 1606 4782 in
1633 4733 1719 4780 casu
1741 4714 1787 4780 de
1816 4733 1888 4799 quo

372 4856 461 4924 issia
500 4857 561 4924 vel
600 4864 793 4923 mercamm
833 4855 944 4921 habet
987 4855 1046 4921 vei
1088 4853 1221 4920 habere
1275 4860 1393 4939 potest
1451 4853 1595 4939 plenam
1643 4851 1887 4938 cognicionem

372 4993 544 5074 veritatis,
572 4989 626 5061 ita‘
655 4995 751 5078 quod
782 5000 946 5078 oporteat
973 5002 1094 5077 partes
1123 4991 1206 5056 inde
1236 4988 1453 5056 descendere
1482 4989 1521 5055 in
1549 4987 1819 5076 inquisicionem
1848 4987 1888 5054 in

371 5129 575 5199 huiusmodi
597 5131 740 5198 casibus
764 5129 1010 5198 adiudioentur
1037 5149 1101 5215 per
1123 5126 1405 5214 inquisicionem,
1429 5136 1466 5196 et
1488 5146 1561 5194 non
1583 5146 1649 5212 per
1674 5135 1887 5192 mercatores

1776 5253 1800 5303 F
