4975 6309
743 674 840 767 dbe
865 676 1003 767 little
1027 676 1125 767 ltro
1151 679 1283 769 book
1307 678 1359 768 ot
1387 677 1576 772 erutor
1890 710 1913 779 ³

484 889 650 974 Jobenna
1615 902 1737 971 ixdiu
1749 906 1916 975 manibus

405 1026 462 1095 De
483 1028 628 1095 Metire
652 1027 768 1115 Fayre
789 1048 854 1113 pro
875 1026 1008 1095 fossato
1029 1027 1161 1095 ibidem
1276 1076 1284 1093 .
1562 894 1603 1131 ,ξ
1626 1042 1900 1111 munitatis,

1635 1188 1758 1274 xviijd
1769 1208 1835 1277 per
1847 1191 1902 1257 in·

404 1318 462 1387 De
490 1318 607 1407 priore
635 1330 672 1386 et
698 1318 865 1388 iratribus
886 1318 1001 1387 sancti
1027 1319 1222 1407 Augustini
1248 1341 1314 1407 pro
1334 1322 1423 1389 turri
1448 1333 1578 1391 vocate
1636 1325 1822 1393 dentatam
1847 1327 1886 1394 in

494 1454 682 1523 Toureras¹
714 1504 1577 1525 .......
1635 1462 1801 1531 menibus
1811 1482 1907 1532 oom-

1673 1599 1867 1669 munione

1689 1736 1761 1825 iijd.
1775 1758 1841 1826 per

406 1814 463 1882 De
484 1812 647 1897 Iohanne
669 1813 758 1903 Lym
778 1834 844 1899 pro
864 1813 951 1881 turri
972 1814 1067 1881 ultre
1088 1823 1228 1899 portam
1250 1815 1376 1902 templi
1420 1862 1430 1881 .
1563 1740 1604 1977 ,ἶ
1647 1874 1882 1943 indm·

1616 2035 1688 2123 iijd.
1699 2038 1737 2104 in
1750 2040 1917 2106 menibus

406 2109 463 2179 De
475 2109 639 2193 Johaune
652 2109 875 2197 Wyeoumbe
888 2129 954 2196 pro
972 2108 1097 2197 pleoee
1117 2129 1223 2196 super
1241 2110 1384 2195 Aquam
1402 2035 1603 2275 Abbone¹{

1362 2267 1365 2271 ι
1626 2174 1901 2243 communitati&

407 2298 464 2365 De
493 2300 653 2367 Roberto
683 2298 845 2367 Cheddre
874 2301 1123 2386 proquodam
1151 2318 1265 2365 vacua
1289 2300 1416 2384 plecee
1435 2299 1569 2367 ibidem

492 2438 587 2505 vnde
602 2446 839 2503 tenementum
855 2456 968 2523 nuper
979 2435 1154 2519 Johannis
1168 2436 1372 2523 Freunoeye
1385 2437 1566 2524 obligetur
1842 2436 1917 2523 iijd.

652 2576 847 2661 Frompton
861 2584 990 2661 nepote
1005 2572 1169 2641 Nicholai
1184 2572 1379 2658 Frompton

404 2662 462 2731 De
475 2663 639 2747 Johanne
652 2662 863 2729 Miiireebem
884 2681 950 2747 pro
963 2662 1078 2747 shopa
1091 2660 1222 2728 ibidem
1268 2706 1278 2725 .
1411 2708 1421 2727 .
1553 2709 1563 2729 .
1828 2660 1914 2747 xiid.

405 2800 462 2867 De
485 2800 650 2884 Johenne
674 2800 896 2887 Wyooumbe
920 2818 985 2885 pro
1010 2798 1125 2883 ohope
1145 2796 1390 2883 propinquiori
1410 2797 1448 2864 le
1473 2796 1567 2866 Con·

491 2935 700 3023 tessesrupe*

405 3158 463 3227 De
500 3158 664 3242 Johanne
702 3072 904 3247 m
938 3176 1004 3242 pro
1045 3164 1147 3243 poste
1191 3155 1386 3225 tenementi
1429 3158 1487 3226 oui
1528 3158 1568 3226 in

405 3442 462 3509 De
476 3444 639 3527 Johanne
652 3446 698 3511 de
711 3444 942 3531 Yerdeborgh
956 3464 1022 3531 pro
1033 3447 1146 3513 tribus
1157 3446 1279 3531 shopis
1290 3444 1570 3513 eveneliaiuxte
1576 3434 1598 3561 j
1640 3443 1729 3529 xvir.
1744 3440 1802 3529 ijo
1817 3462 1883 3529 per

492 3579 659 3645 latrinam
673 3578 774 3644 iuxta
789 3576 938 3645 Pontem
953 3577 1107 3645 Abbone
1119 3600 1242 3647 versus
1257 3581 1381 3647 turrim
1395 3580 1526 3649 ibidem
1558 3628 1567 3647 .
1584 3562 1599 3676 i
1645 3579 1880 3653 indenturam.

405 3721 463 3790 De
476 3722 641 3806 Jobenne
655 3720 780 3807 Spicer
792 3742 858 3807 pro
872 3732 1074 3789 tenemento
1088 3723 1281 3790 ibidem.
1414 3772 1423 3789 .
1556 3772 1566 3792 .
1848 3724 1913 3813 vir.

535 3860 718 3929 Willelmo
733 3858 868 3927 Sendal
883 3856 994 3949 [nunc
1008 3859 1173 3927 Edwardi
1188 3858 1291 3951 Fort]

404 3946 462 4015 De
496 3948 651 4015 Beberte
685 3947 887 4037 Wnyngron
917 3966 983 4032 pro
1012 3956 1213 4013 tenemento
1243 3966 1356 4032 nuper
1393 3946 1568 4015 willelmi

492 4082 663 4151 flauum
676 4083 809 4151 inirem
845 4129 1567 4151 ......
1835 4085 1915 4173 iiijs.

492 4223 614 4291 Priore
628 4224 673 4289 de
687 4221 927 4291 Cherterhouo

403 4308 461 4377 De
500 4309 661 4407 Gniiuide
695 4308 881 4375 Meu
916 4326 982 4394 pro
1018 4310 1221 4375 tenemento
1258 4328 1370 4395 nuper
1413 4308 1565 4377 Roberti

491 4446 681 4515 Beeuflour
694 4445 827 4513 ibidem
843 4491 1566 4514 ......
1720 4442 1913 4531 κίᾒε.ίίἰ1ὀ.

404 4584 463 4654 De
487 4586 779 4653 Procuratoribue
803 4584 1076 4671 Assumpcionis
1104 4584 1209 4650 beate
1237 4580 1353 4649 Marie
1377 4600 1443 4667 pro
1467 4588 1567 4648 tene·

491 4733 612 4789 mento
626 4721 721 4807 quod
736 4718 917 4787 Gilbertus
931 4720 961 4785 F
962 4720 1047 4787 orde
1067 4718 1246 4785 inhabitet
1259 4718 1355 4803 quod
1369 4737 1482 4804 nuper
1500 4716 1568 4785 fuit

490 4858 641 4945 predicti
655 4855 807 4924 Robore
846 4899 1567 4921 ......
1848 4854 1912 4939 vn.

502 5054 744 5107 ²Torrerlimtz.
811 5050 1012 5105 ’anunm
1079 5046 1810 5119 ‘comtensup‚uepuoeonturyoveruenm
