4975 6309
641 728 710 817 156
750 650 758 661 Ι
974 720 1071 813 ube
1095 721 1234 813 little
1259 721 1358 812 tice
1382 719 1512 813 noos
1536 721 1587 812 ot
1617 720 1804 816 urtetol

633 943 671 1001 et
700 935 960 1003 successoribus
989 936 1064 1003 suis
1093 955 1117 1001 a
1144 933 1234 1003 festo
1265 934 1391 1003 Sancti
1419 933 1608 1001 Michaelis
1634 934 1856 1025 Archangeli
1876 948 1962 1007 tunc
1982 941 2145 1027 proxime

633 1071 800 1155 preterito
830 1090 941 1157 usque
968 1072 1015 1137 ad
1042 1070 1149 1137 finem
1178 1070 1364 1137 duodecim
1386 1088 1559 1135 annorum
1580 1078 1712 1137 extunc
1733 1071 1895 1156 proxime
1916 1072 2143 1156 sequencium

634 1216 671 1273 et
699 1208 858 1293 plenarie
887 1208 1186 1293 complendorum,
1216 1205 1416 1273 Reddendo
1441 1204 1525 1272 inde
1547 1206 1731 1273 annuatim
1752 1206 1890 1293 prefato
1912 1227 2025 1293 nuper
2045 1207 2143 1295 Regi

633 1353 774 1410 centum
818 1345 929 1411 libres
968 1346 1015 1411 ed
1054 1342 1225 1411 terminos
1261 1343 1399 1409 Pascha
1436 1351 1474 1409 et
1514 1341 1640 1409 Sancti
1675 1342 1864 1410 Michaelis
1897 1363 1964 1430 per
1997 1344 2142 1429 equales

634 1482 830 1564 porciones,
868 1502 910 1549 ac
946 1482 1181 1548 reversionem
1210 1480 1295 1548 ville
1323 1481 1480 1569 predicte
1509 1500 1589 1547 cum
1618 1481 1785 1547 omnibus
1817 1480 1953 1567 shopis,
1981 1479 2144 1566 cotegiis,

635 1616 754 1697 celdis‚
806 1616 915 1697 tostis,
974 1618 1145 1704 gordinis,
1189 1619 1414 1699 molendinis,
1450 1617 1601 1705 stagnis,
1641 1628 1730 1705 tyna
1771 1618 1891 1699 castri,
1934 1617 2143 1696 redditibus,

633 1756 846 1842 langabulis,
877 1756 1077 1838 theoloniis,
1108 1757 1261 1842 placitis,
1287 1756 1405 1837 curiis,
1441 1756 1550 1836 feriis,
1587 1755 1753 1823 mercatis
1788 1764 1825 1821 et
1861 1756 2028 1822 omnibus
2063 1756 2146 1821 aliis

634 1892 958 1976 Jurisdiccionibus,
988 1894 1303 1962 consuetudinibus
1330 1904 1368 1961 et
1395 1894 1625 1981 pertinenciis
1653 1894 1739 1961 ville
1765 1892 1923 1979 predicte
1954 1901 1991 1959 et
2019 1892 2143 1959 subur·

634 2028 772 2095 biorum
810 2030 967 2097 eiusdem
1007 2051 1086 2098 cum
1124 2032 1354 2117 pertinenciis
1388 2042 1471 2118 post
1504 2031 1702 2119 predictum
1737 2031 1929 2099 terminum
1957 2031 2142 2098 duodecim

634 2184 807 2233 annomm
848 2187 930 2235 cum
969 2169 1146 2236 acciderit.
1206 2168 1424 2237 Habendum
1461 2178 1499 2237 et
1536 2171 1727 2237 tenendum
1767 2169 1872 2236 nobis
1907 2168 1947 2235 in
1985 2170 2142 2236 valorem

632 2305 828 2389 predictum
864 2326 1015 2373 vnacum
1051 2308 1250 2375 reversione
1286 2308 1444 2375 omnium
1480 2316 1651 2373 terrarum
1680 2316 1718 2374 et
1746 2313 2027 2373 tenementorum
2050 2302 2141 2371 infra

631 2441 849 2525 procinctum
879 2442 963 2509 ville
998 2444 1155 2529 predicte
1190 2463 1490 2531 quorumcumque
1525 2444 1728 2511 tenencium
1764 2445 1811 2509 ad
1846 2444 2036 2510 terminum
2068 2442 2141 2507 vite

631 2578 688 2645 vel
731 2599 904 2647 annorum
948 2600 1012 2665 per
1046 2578 1229 2666 ¹prefatum
1284 2581 1467 2648 dominum
1517 2601 1635 2647 meum
1686 2580 1828 2667 Regem
1872 2599 1937 2647 seu
1986 2580 2140 2663 aliquem

630 2716 896 2801 progenitorum
930 2736 1073 2784 suorum
1111 2718 1290 2802 quondam
1327 2718 1471 2805 Regum
1508 2716 1643 2804 Anglie
1678 2716 1736 2783 vel
1773 2716 1863 2783 alios
1898 2732 2137 2800 quoscumque

631 2868 876 2917 concessorum
918 2853 977 2919 vel
1020 2854 1299 2935 commissorum,
1351 2854 1447 2921 unde
1498 2854 1651 2920 reversio
1695 2853 1742 2918 ad
1784 2851 1937 2919 eundem
1979 2858 2137 2917 metuen-

631 2986 815 3053 dissimum
844 2989 1026 3055 domiuum
1055 3010 1172 3057 meum
1203 2991 1344 3077 Regem
1372 2999 1532 3076 tempore
1554 2990 1659 3057 istius
1686 2986 1926 3055 concessionis
1951 2995 2140 3053 reverteret

631 3142 780 3188 vnacum
810 3122 921 3191 firmis
949 3126 1145 3193 redditibus
1174 3126 1259 3194 inde
1286 3127 1475 3194 reservatis
1502 3135 1608 3212 prout
1636 3126 1675 3191 in
1697 3125 1827 3191 litteris
1850 3124 2018 3208 predictis
2038 3122 2141 3187 nobis

627 3261 711 3329 inde
752 3261 856 3329 factis
898 3264 1039 3348 plenius
1074 3265 1284 3332 continetur.
1342 3264 1400 3331 Ac
1435 3282 1503 3331 nos
1537 3264 1667 3330 virtute
1704 3260 1944 3329 concessionis
1979 3260 2135 3344 predicte

629 3396 824 3483 predictam
860 3400 982 3467 villam
1019 3401 1200 3468 Bristollie
1235 3420 1387 3468 unacum
1424 3400 1544 3483 muris,
1581 3399 1694 3485 portis
1729 3408 1767 3465 et
1802 3395 1946 3464 fossatis
1982 3395 2139 3462 eiusdem

629 3534 714 3601 ville
753 3545 790 3601 et
829 3534 1074 3603 suburbiorum
1114 3536 1273 3605 eiusdem
1312 3556 1464 3603 unacum
1501 3537 1666 3603 omnibus
1698 3536 1814 3601 eidem
1850 3531 2138 3601 metuendissimo

629 3670 773 3737 domino
811 3690 891 3738 meo
930 3671 1022 3738 infra
1060 3674 1280 3757 procinctum
1315 3682 1353 3739 et
1388 3682 1503 3739 metas
1537 3673 1697 3739 eiusdem
1735 3670 1820 3736 ville
1857 3688 2000 3754 quoquo
2035 3668 2140 3735 modo

629 3808 886 3893 pertinentibus
944 3810 1021 3875 siue
1079 3809 1323 3894 spectantibus
1379 3810 1552 3876 hactenus
1587 3830 1611 3875 a
1661 3818 1819 3895 tempore
1869 3806 2139 3877 concessionum

627 3946 863 4030 predictarum
892 3945 1111 4033 optinuimus
1139 3958 1176 4015 et
1201 3948 1402 4033 optinemus
1430 3949 1469 4015 in
1497 3949 1665 4033 presenti.
1709 3948 1766 4014 Ac
1786 3949 2013 4033 postmodum
2042 3946 2136 4013 idem

629 4083 940 4151 metuendissimus
964 4084 1129 4151 dominus
1150 4104 1251 4151 meus
1273 4086 1357 4152 Rex
1376 4105 1441 4172 per
1462 4086 1554 4154 alias
1575 4086 1715 4153 litteras
1735 4106 1822 4152 suas
1843 4093 2010 4175 patentes
2029 4083 2141 4149 vices-

628 4218 701 4286 imo
730 4228 832 4285 sexto
861 4220 920 4287 die
947 4220 1043 4306 Junij
1075 4240 1170 4289 anno
1198 4222 1301 4307 regni
1331 4222 1386 4287 sui
1415 4231 1543 4307 quarto
1575 4222 1681 4288 nobis
1716 4221 1892 4304 consessit
1926 4239 1992 4305 pro
2028 4238 2068 4285 se
2103 4225 2157 4284 et-

628 4354 817 4421 heredibus
847 4356 921 4422 suis
948 4357 1044 4441 quod
1074 4376 1140 4423 uos
1170 4359 1216 4424 ad
1245 4367 1359 4424 totam
1387 4359 1499 4426 vitam
1529 4366 1688 4425 nostram
1727 4358 1924 4423 habeamus
1953 4355 2137 4422 libertates

628 4500 665 4559 et
678 4492 866 4578 privilegia
887 4493 1087 4580 subscripta
1108 4494 1146 4559 in
1168 4494 1334 4561 omnibus
1362 4504 1399 4561 et
1424 4495 1576 4582 singulis
1599 4494 1737 4575 castris,
1758 4493 1938 4574 dominiis,
1958 4490 2138 4568 maneriis,

627 4626 734 4709 villis,
770 4628 883 4711 terris,
919 4640 957 4697 et
993 4632 1214 4713 tenementis,
1252 4652 1391 4699 necnon
1426 4633 1464 4698 in
1500 4632 1653 4719 singulis
1689 4631 1772 4697 aliis
1806 4630 1896 4697 locis
1932 4627 2037 4696 nobis
2071 4645 2136 4712 per

629 4764 746 4850 ipsum
775 4768 1101 4835 metuendissimum
1131 4768 1313 4835 dominum
1342 4788 1461 4836 meum
1490 4768 1631 4855 Regem
1660 4768 1698 4833 in
1727 4769 1847 4835 dotem
1876 4785 1939 4833 seu
1969 4765 2060 4832 alias
2089 4764 2136 4829 ed

629 4902 817 4968 tendinum
842 4904 915 4971 vite
944 4914 1064 4971 nostre
1093 4905 1297 4993 assignatis,
1327 4925 1371 4971 ac
1399 4906 1437 4970 in
1465 4905 1555 4971 locis
1582 4905 1646 4971 ubi
1674 4924 1791 4969 annue
1820 4901 1920 4969 firme
1948 4901 2054 4967 nobis
2073 4918 2139 4986 per

629 5019 747 5123 ipsum
776 5040 1103 5110 metuendissimum
1132 5042 1315 5110 dominum
1344 5062 1461 5110 meum
1492 5040 1632 5129 Regem
1660 5040 1699 5107 in
1728 5040 1850 5107 dotem
1879 5058 1943 5107 seu
1972 5036 2063 5103 alies
2091 5035 2139 5101 ad
