4975 6309
720 737 818 828 ibe
841 734 980 827 little
1004 735 1103 826 ileo
1128 737 1257 827 iloot
1282 737 1333 827 ot
1362 736 1550 833 §estol
1818 768 1890 841 197

383 952 575 1019 solidorum
618 960 655 1019 et
697 960 850 1048 quantor
891 947 1126 1031 denariorum,
1169 950 1240 1048 tria
1289 950 1392 1037 paria
1441 953 1730 1022 vestimentorum
1781 957 1892 1043 precii

291 1142 299 1157 .
382 1088 537 1177 quinque
566 1108 775 1170 marcarum,
804 1097 878 1155 tres
905 1087 1033 1155 tuellas
1061 1107 1127 1174 pro
1152 1087 1281 1187 Altare
1307 1087 1419 1174 precii
1449 1109 1513 1158 sex
1548 1090 1752 1173 solidorum,
1781 1114 1888 1159 vnum

381 1226 643 1313 manutergium
671 1244 738 1312 pro
765 1223 951 1305 lauatorlo,
982 1223 1092 1311 precii
1118 1224 1304 1293 duodecim
1330 1226 1577 1323 denariorum,-
1596 1236 1634 1295 et
1660 1229 1732 1297 duo
1752 1240 1890 1297 cruetta

382 1364 427 1430 de
454 1374 578 1450 peutre
601 1382 668 1449 pro
695 1361 781 1430 rino
811 1370 847 1429 et
873 1381 967 1447 aqua
986 1360 1098 1449 precii
1128 1362 1313 1429 duodecim
1339 1361 1563 1431 denariorum
1575 1388 1586 1441 t
1619 1374 1656 1432 et
1687 1363 1893 1453 capellanis

381 1502 419 1567 in
447 1499 598 1567 ecclesia
627 1497 752 1567 Sancti
780 1496 946 1566 Nicholai
959 1553 961 1559 ,
975 1499 1246 1580 celebrantibus,
1275 1518 1384 1567 cnam
1413 1499 1545 1567 coiram
1576 1522 1642 1587 pro
1671 1504 1892 1571 ornamentis

381 1637 589 1722 subscriptis
616 1634 851 1723 imponendis,
880 1634 1045 1701 videlieet
1071 1655 1181 1702 vnum
1202 1634 1347 1703 missale
1367 1636 1478 1721 precii
1498 1646 1652 1724 quatuor
1679 1658 1890 1719 marcarum,

380 1796 488 1843 vnum
525 1774 672 1843 calicem
708 1792 789 1841 cum
824 1772 974 1840 cocleari
1006 1783 1175 1859 argenteo
1206 1782 1242 1841 et
1270 1754 1490 1856 deauramm,
1519 1775 1630 1861 precii
1657 1776 1788 1864 viginti
1825 1798 1891 1845 sex

382 1913 574 1981 solidorum
603 1920 640 1979 et
667 1918 748 1979 octo
777 1910 1011 1989 denariorum,
1034 1930 1143 1977 vnum
1165 1910 1349 1995 corporale
1372 1928 1453 1978 curn
1473 1912 1583 1978 bursa
1604 1912 1714 1999 precii
1735 1914 1892 2001 quinque

382 2050 585 2129 solidorum,
628 2047 699 2113 tria
741 2044 843 2133 paria
885 2042 1175 2111 vestimentorum
1218 2044 1329 2131 precii
1372 2045 1529 2132 quinque
1568 2066 1777 2131 marcarum,
1819 2059 1894 2116 tres

382 2188 510 2253 tuellas
538 2204 604 2271 pro
632 2184 745 2251 altare
772 2180 882 2268 precii
904 2200 969 2249 sex
990 2179 1192 2261 solidorum,
1216 2200 1324 2249 vnum
1346 2182 1608 2270 manutergium
1629 2203 1696 2271 pro
1716 2185 1892 2253 lauatorio

381 2324 491 2411 precii
519 2320 704 2389 duodecim
732 2319 967 2399 denariorum,
996 2326 1033 2383 et
1057 2316 1129 2384 duo
1157 2325 1294 2384 cruetta
1318 2317 1365 2385 de
1391 2328 1516 2406 pectre
1544 2339 1611 2407 pro
1631 2321 1717 2389 vino
1738 2331 1776 2389 et
1797 2343 1893 2409 aqua

380 2463 490 2552 precii
504 2462 690 2531 duodecim
703 2460 937 2541 denariorum,
960 2458 998 2525 in
1016 2455 1176 2544 periculo
1198 2476 1321 2554 eorum
1341 2423 1444 2527 salua
1465 2468 1503 2527 et
1515 2459 1667 2529 honesta
1687 2462 1891 2530 custodiant

383 2620 445 2669 seu
473 2598 643 2693 custodiri
669 2597 813 2665 iaciant.
859 2594 908 2663 Et
935 2595 1032 2682 quod
1059 2593 1211 2681 predicti
1240 2592 1427 2682 Capellam
1454 2595 1615 2683 quelibet
1646 2616 1743 2665 anne
1778 2601 1891 2667 semel

380 2737 546 2806 videlicet
573 2736 613 2803 in
648 2734 803 2803 crastino
838 2730 920 2800 festi
957 2729 1083 2801 Sancti
1119 2729 1309 2799 Michaelis
1343 2732 1488 2801 venient
1523 2752 1644 2801 eoram
1681 2735 1820 2822 Maiore
1855 2746 1894 2803 et

383 2874 643 2943 Communitate
672 2870 758 2939 ville
784 2868 966 2937 Bristollie
994 2878 1031 2935 et
1058 2868 1190 2935 facient
1217 2866 1311 2937 sicut
1339 2869 1403 2937 alii
1430 2870 1617 2957 Capeliani
1649 2874 1812 2959 perpetui
1848 2873 1895 2941 de

383 3012 544 3100 predicta
579 3009 669 3077 villa
702 3006 838 3077 iaciunt
874 3005 1068 3074 secundum
1102 3004 1394 3073 consuetudinem
1430 3007 1517 3075 ville
1548 3010 1716 3095 predicte.
1776 3010 1825 3077 Et
1861 3010 1895 3077 si

382 3151 463 3244 quis
488 3148 549 3217 vel
577 3146 639 3235 qui
667 3146 809 3215 illorum
837 3144 876 3211 in
906 3124 1026 3229 aliquo
1055 3162 1141 3210 casu
1168 3143 1327 3230 predicte
1355 3144 1595 3213 ordinacionis
1622 3146 1832 3235 necgligens
1857 3157 1896 3215 et

336 3338 344 3355 .
383 3286 576 3355 defectiuus
628 3284 796 3353 inuentus
845 3277 950 3347 ment
1000 3278 1126 3364 primo,
1178 3280 1335 3347 secundo
1383 3288 1422 3347 et
1471 3282 1594 3367 tercio,
1644 3302 1710 3369 per
1759 3282 1892 3352 dictum

382 3424 580 3492 Robertum
631 3418 756 3509 Gyene
804 3416 888 3485 dum
931 3416 1062 3483 vixerit
1103 3425 1141 3483 et
1183 3425 1266 3503 post
1308 3424 1474 3484 mortem.
1502 3416 1589 3484 dicti
1633 3416 1786 3487 Roberti
1828 3436 1896 3506 per

381 3560 555 3647 Maiorem
583 3556 668 3625 ville
696 3552 878 3623 Bristollie
906 3552 968 3639 qui
996 3571 1062 3639 pro
1091 3560 1250 3639 tempore
1280 3550 1397 3635 fuerit,
1424 3562 1612 3621 moneatur
1638 3572 1679 3623 se
1706 3555 1893 3645 corrigere,

381 3709 418 3765 et
457 3697 489 3765 si
528 3704 611 3782 post
650 3692 797 3761 terciam
837 3690 1073 3759 municionem
1116 3688 1293 3777 corrlgere
1336 3708 1376 3757 se
1418 3689 1573 3759 noluerit
1615 3699 1654 3759 et
1694 3710 1805 3761 causa
1846 3692 1896 3761 sit

382 3834 554 3903 canonica
599 3830 723 3901 statim
769 3828 846 3898 sine
892 3826 1013 3915 aliqua
1060 3824 1346 3895 mntradiccione
1384 3826 1516 3897 virtute
1555 3828 1669 3916 ipsius
1708 3828 1896 3899 indenture

383 3980 635 4041 ammoueatur.
693 3966 743 4036 Et
777 3986 841 4055 per
876 3964 1010 4033 dictum
1048 3962 1248 4031 Robertum
1285 3961 1410 4053 Gyene
1452 3965 1538 4035 dum
1580 3945 1710 4035 vixerit
1754 3976 1792 4035 et
1831 3989 1898 4056 per

382 4112 556 4197 Maiorem
597 4108 683 4177 ville
729 4103 910 4174 Bristollie
949 4102 1011 4189 qui
1050 4121 1116 4189 pro
1154 4112 1315 4189 tempore
1353 4100 1460 4171 fuerit
1495 4110 1579 4189 post
1617 4111 1767 4171 mortem
1806 4104 1897 4177 dicti

382 4245 533 4317 Roberti
569 4244 661 4313 alius
696 4244 856 4332 ydoneus
897 4239 1111 4329 Capelianus
1150 4238 1230 4307 loco
1270 4258 1336 4307 suo
1370 4248 1535 4326 ponatur.
1593 4237 1644 4307 Et
1684 4240 1733 4309 ad
1771 4242 1895 4309 omnia

381 4386 540 4473 predicta
566 4385 659 4452 bene
687 4390 723 4449 et
751 4377 903 4447 fideliter
930 4398 995 4466 pro
1020 4396 1126 4465 posse
1150 4396 1274 4445 eorum
1295 4376 1521 4445 obseruanda
1542 4376 1720 4463 capellani
1742 4379 1894 4465 predicti

382 4537 418 4595 et
445 4544 567 4595 eorum
596 4540 817 4591 successores
845 4520 1027 4607 corporale
1056 4518 1269 4606 prestabunt
1303 4524 1578 4585 sacramentum.
1636 4517 1685 4584 Et
1720 4518 1760 4585 in
1796 4520 1900 4588 testi·

381 4655 540 4723 monium
573 4652 731 4721 omnium
766 4648 1020 4737 premissorum
1056 4646 1207 4715 fideliter
1242 4645 1546 4714 obseruandorum
1581 4655 1704 4733 partes
1739 4648 1901 4734 predicte

383 4793 503 4881 sigilla
542 4810 609 4859 sua
645 4787 849 4857 alternatim
868 4786 956 4853 'hiis
992 4784 1191 4853 indenturis
1227 4782 1497 4871 quadripartitis
1533 4794 1786 4870 apposuerunt.
1849 4783 1903 4852 Et

382 4930 466 5016 quia
517 4926 639 5015 sigilla
689 4944 755 4993 sua
804 4920 965 5010 pluribus
1013 4929 1096 4988 sunt
1139 4917 1327 5007 incognita
1370 4918 1529 5007 sigillum
1572 4915 1772 5005 Majoratus
1813 4918 1903 4987 ville

382 5066 564 5135 Bristollie
592 5060 816 5150 presentibus
845 5058 977 5145 apponi
1006 5065 1293 5143 procurauerunt.
1361 5052 1445 5123 Hiis
1478 5054 1630 5123 testibus
1657 5055 1824 5141 Johanne
1851 5054 1901 5123 de
