4975 6309
507 781 556 869 78
841 770 938 861 obe
962 768 1101 859 little
1126 771 1224 860 lieo
1249 771 1378 862 boot
1403 770 1454 861 ot
1484 769 1671 862 bretol.

504 987 671 1055 omnibus
700 998 737 1054 et
765 986 918 1074 singulis
947 987 1090 1073 placitis
1118 987 1156 1054 in
1185 988 1309 1056 eadem
1340 987 1449 1056 Curia
1476 987 1648 1070 deductis,
1684 997 1722 1055 et
1762 987 1844 1055 illos
1883 941 2020 1053 rotulos

505 1133 627 1190 teneat
667 1143 778 1210 penes
821 1143 871 1190 se.
936 1123 985 1189 Et
1028 1133 1221 1191 sectatores
1271 1125 1348 1192 siue
1403 1124 1647 1194 communitas
1698 1127 1856 1195 eusdem
1911 1125 2016 1194 Curia

505 1262 662 1329 habeant
705 1261 869 1328 clericum
913 1281 1015 1327 suum
1051 1271 1088 1327 et
1129 1263 1264 1330 rotulos
1301 1281 1384 1329 suos
1424 1263 1469 1330 de
1505 1263 1651 1331 eisdem.
1707 1263 1756 1331 Et
1793 1264 1908 1331 sciant
1941 1271 2016 1328 tam

507 1400 672 1469 dominus
700 1419 808 1484 quam
836 1397 1039 1464 huiusmodi
1066 1399 1301 1466 communitas
1337 1407 1550 1466 sectatorum
1580 1401 1675 1485 quod
1704 1401 1856 1488 singulis
1884 1397 2017 1467 iudicia

507 1549 545 1606 et
572 1536 779 1605 iudiciorum
808 1534 965 1622 pericula
994 1535 1026 1601 si
1054 1554 1123 1621 que
1149 1533 1242 1602 falsa
1270 1535 1343 1602 sint
1371 1535 1499 1602 cadent
1527 1557 1634 1622 super
1654 1545 1847 1605 sectatores
1875 1543 1912 1601 et
1941 1552 2014 1600 non

507 1695 614 1762 super
652 1673 834 1740 dominum
878 1673 964 1759 quia
1004 1681 1197 1740 sectatores
1240 1691 1303 1739 seu
1343 1671 1579 1740 communitas
1614 1673 1678 1741 illa
1720 1672 1842 1741 omnia
1885 1669 2016 1737 iudicia

506 1813 698 1882 earundem
739 1808 924 1879 Curiarum
962 1808 1109 1876 reddere
1145 1815 1320 1889 tenennu,
1362 1819 1398 1875 et
1441 1827 1562 1876 eorum
1598 1808 1745 1876 interest
1774 1829 1840 1876 sua
1876 1807 2021 1895 propria

507 1949 639 2017 iudicia
666 1949 759 2015 inter
786 1966 827 2013 se
853 1945 1030 2012 recordari
1058 1944 1154 2029 quod
1181 1945 1273 2011 bene
1302 1945 1379 2010 sine
1407 1945 1601 2012 rotulorum
1638 1945 1878 2012 memorandis
1904 1943 2020 2010 facere

370 2097 372 2099 ’
508 2102 580 2150 non
623 2089 783 2167 possunt.
851 2080 900 2147 Et
942 2088 998 2146 est
1037 2078 1239 2144 huiusmodi
1293 2076 1398 2146 Curie
1440 2077 1575 2144 rotulus
1620 2086 1834 2146 sectatorum
1890 2077 2024 2154 Curie;

507 2219 663 2288 Rotulus
705 2217 912 2305 principalis
955 2226 992 2282 et
1034 2217 1171 2282 rotrrlus
1212 2215 1349 2282 domini
1402 2215 1459 2281 vei
1504 2213 1648 2281 maioris
1696 2213 1821 2294 Curie;
1864 2213 2023 2282 Rebilus

507 2355 735 2424 secundarius
775 2354 853 2421 siue
891 2351 1160 2419 contrarotulus.
1224 2350 1274 2418 Et
1303 2352 1333 2418 si
1362 2351 1542 2419 dubitetur
1581 2371 1692 2438 quara
1726 2352 1841 2419 maior
1880 2360 2019 2418 contra·

506 2493 660 2560 rotulum
688 2491 824 2558 tenebit
852 2509 900 2555 ex
922 2507 994 2574 quo
1019 2497 1076 2554 est
1104 2508 1194 2554 vnus
1223 2489 1269 2554 de
1297 2489 1550 2556 communitate
1579 2488 1669 2576 ipsa,
1706 2489 1888 2556 sciendum
1927 2487 2021 2572 quod

506 2630 592 2718 quia
625 2630 715 2698 loeo¹
757 2629 893 2696 domini
927 2629 1061 2696 electus
1093 2637 1149 2694 est
1176 2638 1214 2695 et
1244 2629 1361 2696 locum
1390 2629 1525 2697 domini
1561 2637 1781 2716 representat
1822 2626 1860 2693 in
1897 2625 2021 2692 eadem

507 2764 625 2833 Curia
669 2764 717 2832 Et
753 2764 916 2831 similiter
950 2765 1036 2850 quia
1076 2765 1190 2832 maior
1227 2776 1376 2852 apparet
1396 2752 1546 2836 nentes
1586 2767 1681 2852 quod
1720 2764 1921 2851 scrupulum
1962 2762 2021 2829 vel

506 2899 605 2969 fraus
631 2921 705 2967 non
733 2899 980 2981 interuenerat,
1013 2901 1047 2968 si
1085 2902 1156 2969 duo
1191 2903 1297 2969 robrii
1325 2923 1390 2988 per
1417 2922 1480 2970 eos
1507 2922 1657 2990 quorum
1693 2902 1841 2968 interest
1871 2899 1956 2967 iacti
1982 2908 2018 2964 et

508 3036 631 3123 scripti
659 3057 765 3122 super
791 3057 864 3102 vno
892 3046 930 3104 et
957 3038 1083 3104 eodem
1112 3038 1206 3105 facto
1236 3041 1461 3106 concordent

793 3241 879 3318 DE
927 3243 1162 3321 PLEGIIS
1209 3244 1736 3324 APPRENTICIORUM

637 3393 694 3460 De
744 3393 973 3479 apprenticiis
1023 3415 1086 3462 seu
1129 3397 1383 3464 mercatoribus
1427 3399 1488 3483 qui
1541 3401 1638 3465 bona
1688 3405 1726 3464 et
1777 3394 2018 3462 mercandisas

382 3538 386 3543 “
506 3538 714 3616 apprestant
757 3528 997 3616 magnatibus,
1032 3531 1249 3618 longinquis,
1285 3533 1413 3601 alienis
1456 3553 1519 3600 seu
1559 3533 1652 3614 aliis,
1696 3532 1742 3599 de
1778 3530 1909 3617 quibus
1951 3547 2018 3596 nec

363 4881 406 4919 Β.

506 3665 643 3733 domini
678 3665 735 3732 sui
771 3684 838 3731 nec
876 3665 947 3751 ipsi
985 3669 1290 3755 recuperacionem
1334 3671 1381 3738 de
1423 3671 1556 3738 eisdem
1607 3669 1713 3737 bonis
1763 3669 1895 3734 habere
1947 3684 2021 3732 non

504 3810 665 3889 possunt,
691 3802 891 3868 ordinatum
920 3812 976 3869 est
1005 3814 1042 3870 et
1075 3813 1247 3872 statutum
1283 3807 1379 3892 qood
1415 3805 1487 3892 ipsi
1525 3815 1649 3873 contra
1691 3804 1824 3872 formas
1863 3812 1900 3870 et
1935 3821 2019 3869 con-

505 3939 662 4007 diciones
691 3939 744 4005 eis
772 3959 837 4024 per
864 3939 1028 4007 dominos
1057 3961 1141 4009 suos
1169 3943 1347 4010 iniunctae
1374 3943 1443 4010 hoc
1471 3943 1617 4011 fecerint
1654 3951 1739 4008 tunc
1778 3940 2017 4026 respondeant

505 4086 580 4143 tam
606 4077 677 4161 ipsi
708 4094 819 4160 quam
847 4076 959 4163 plegii
988 4079 1044 4144 sui
1081 4080 1285 4146 huiusmodi
1324 4080 1479 4148 dominis
1514 4081 1560 4146 de
1597 4077 1763 4164 dampnis
1800 4086 1837 4144 et
1873 4075 2018 4144 iactrrris

505 4233 575 4300 que
624 4231 689 4297 per
724 4211 926 4278 huiusmodi
969 4215 1256 4301 apprestaciones
1298 4216 1513 4298 sustinuerit,
1557 4216 1628 4283 nisi
1670 4213 1760 4282 forte
1805 4213 2019 4282 contrarium

505 4349 610 4418 fuerit
667 4357 877 4414 annotatum
928 4348 966 4415 in
1022 4351 1153 4438 scripto
1204 4353 1406 4422 huiusmodi
1457 4353 1631 4442 plegiagii
1690 4351 1786 4438 quod
1836 4350 1869 4417 si
1917 4349 2022 4416 fuerit

506 4489 714 4555 obseruetur
742 4485 936 4552 conuencio
966 4506 1046 4553 cum
1075 4501 1181 4556 eunte
1209 4492 1308 4578 leges
1337 4501 1556 4559 contractum
1584 4489 1721 4557 licitum
1758 4487 1950 4554 afforcient.

1035 4685 1122 4763 DE
1174 4690 1214 4765 A
1223 4691 1488 4767 TTINCTIS.

637 4833 803 4899 Attincta
839 4853 911 4898 non
954 4844 1009 4900 est
1053 4839 1278 4906 concedenda
1320 4841 1358 4906 in
1405 4841 1486 4926 lege
1530 4838 1739 4907 mercatoria
1776 4857 1840 4924 per
1876 4837 2019 4906 Curiam

509 4968 754 5043 mercatoriam
799 4969 875 5036 siue
914 4971 1015 5038 breui
1057 4973 1192 5041 domini
1235 4976 1353 5065 Regis
1402 4995 1482 5044 cum
1526 4985 1646 5062 partes
1685 4973 1932 5042 descenderint
1981 4972 2019 5040 in

1205 5147 1266 5202 MS.
1283 5149 1354 5202 locus
