4975 6309
763 840 860 933 dhe
883 841 1022 932 little
1046 842 1144 932 tiro
1169 841 1298 930 Boot
1324 839 1374 929 ct
1404 841 1588 933 cunct
1857 849 1928 940 189

427 1064 462 1119 et
504 1052 650 1120 fratrum
694 1052 943 1123 Kalundarum
982 1057 1020 1122 in
1063 1054 1224 1123 custodia
1268 1054 1412 1141 majoris
1455 1066 1492 1123 et
1535 1056 1798 1123 communitatis
1840 1056 1928 1123 vilic

426 1190 606 1258 Bristoilie
627 1190 757 1259 dimisi.
801 1190 960 1259 Terciam
982 1211 1066 1258 vero
1087 1202 1223 1277 partem
1247 1191 1405 1276 ejusdem
1430 1199 1526 1257 carte
1551 1190 1714 1258 similiter
1739 1190 1928 1277 consigna·

426 1335 500 1394 tam
537 1328 659 1415 sigillo
695 1326 799 1395 officii
836 1328 1047 1415 majoritatis
1081 1329 1239 1415 predicte
1271 1338 1308 1395 et
1336 1328 1515 1395 communi
1543 1328 1664 1416 sigillo
1692 1328 1928 1414 predictomm

425 1464 552 1550 prioris
591 1474 627 1532 et
662 1464 810 1531 fratrum
850 1464 1097 1533 Kalundarum
1134 1475 1170 1532 et
1205 1466 1398 1531 decanatus
1434 1464 1616 1531 Bristoilie
1651 1463 1690 1531 in
1726 1464 1927 1530 custodiam

424 1599 716 1685 parochianorum
753 1600 846 1667 dicte
882 1602 1030 1668 ecclesie
1058 1600 1183 1670 Sancti
1212 1598 1387 1687 Stephani
1415 1613 1452 1667 et
1479 1610 1744 1687 procuratorum
1775 1600 1925 1667 duorum

425 1732 543 1798 dimisi
581 1733 855 1801 custodiendam.
916 1734 1049 1803 Datum
1088 1734 1269 1803 Bristoilie
1307 1737 1366 1802 die
1408 1736 1545 1803 veneris
1585 1736 1624 1803 in
1659 1738 1750 1804 festo
1794 1734 1927 1805 Sancte

426 1866 599 1935 Katerine
642 1868 802 1956 Virginis
838 1866 896 1961 [²⁵
933 1868 1052 1961 Nov.],
1094 1891 1188 1938 anno
1224 1872 1359 1939 domini
1388 1871 1439 1939 M.
1469 1870 1718 1951 tricentesimc,
1748 1873 1927 1940 tricesimo

425 2013 560 2090 quarto,
604 2012 641 2070 et
691 2022 786 2073 anno
829 2006 932 2092 regni
973 2006 1070 2093 regis
1111 2006 1278 2073 Edwardi
1321 2006 1421 2073 tercii
1471 2025 1494 2073 a
1544 2021 1738 2095 conquestu
1788 2018 1925 2077 octauo.

426 2140 509 2207 Hiis
545 2141 707 2225 testibus,
744 2141 890 2228 Rogero
925 2142 1056 2223 Turile,
1105 2153 1189 2209 mne
1237 2142 1375 2227 Maiore
1409 2144 1495 2211 ville
1531 2144 1721 2225 Bristollie,
1766 2146 1926 2214 Roberto

426 2276 548 2344 Guene
576 2289 612 2344 et
641 2276 802 2345 Roberto
831 2280 876 2345 de
903 2280 1118 2367 Wryngtcn,
1148 2289 1232 2345 tunc
1262 2281 1419 2364 ejusdem
1447 2282 1532 2349 viiie
1560 2282 1721 2364 Balliuis,
1744 2285 1927 2352 Wrilelmo

425 2414 630 2502 Randolph,
659 2412 842 2483 Willeimo
868 2416 913 2481 de
941 2415 1033 2497 Axe,
1064 2414 1221 2503 Hugone
1257 2417 1303 2485 de
1338 2417 1636 2507 Langebryngge,
1673 2420 1857 2488 Eborardo
1893 2423 1928 2489 le
1977 2398 1984 2413 ¹

424 2552 637 2638 Fraunceys,
673 2552 837 2635 Johanne
876 2552 923 2618 de
966 2550 1195 2637 Axehrugge,
1242 2561 1447 2631 mercatore,
1487 2552 1650 2635 Johanne
1693 2564 1747 2619 att
1795 2552 1926 2635 wahe,

423 2687 585 2772 Johanne
613 2687 826 2775 Fraunceys,
858 2686 1006 2767 seniore,
1036 2686 1220 2755 Richardo
1248 2686 1415 2756 Edmund
1444 2697 1481 2753 et
1510 2688 1601 2754 aliis.

479 2932 815 3012 COMPOSICIO
868 2932 1162 3011 CANTARIE
1213 2933 1505 3029 JOHANNIS
1554 2933 1628 3009 ST
1623 2934 1741 3013 OKE
1790 2931 1880 3035 [IN

761 3084 1044 3162 ECCLESIA
1097 3084 1312 3162 SANCTI
1360 3083 1588 3187 THOMAE.

553 3252 740 3321 Uniuersis
762 3252 894 3320 Christi
915 3252 1079 3320 fidelihus
1099 3260 1300 3337 presentem
1322 3262 1456 3318 cartam
1475 3254 1694 3319 indentatam
1714 3252 1925 3338 inspecturis
1949 3271 2094 3323 cmm,
2113 3282 2153 3321 or

422 3390 479 3454 vel
504 3388 685 3470 misturis·
726 3389 929 3457 Wilielmus
968 3388 1169 3477 Canynges,
1207 3389 1389 3456 Walterus
1426 3389 1559 3475 Derby,
1599 3388 1803 3475 Burgenses
1840 3388 1925 3455 ville
1949 3335 2029 3404 Μ
2046 3334 2151 3389 sm

420 3522 610 3605 Bristollie,
641 3524 791 3591 salutem
820 3526 858 3592 in
887 3527 1041 3594 domino.
1086 3523 1217 3593 Sciatis
1246 3526 1342 3612 quod
1377 3526 1423 3592 de
1458 3523 1607 3592 licencia
1642 3524 1777 3592 domini
1812 3524 1925 3593 nostri

421 3658 570 3727 Ricardi
609 3646 726 3747 Regis
762 3660 898 3750 Anglie
935 3663 1080 3729 secundi
1123 3670 1205 3748 post
1252 3672 1493 3747 conquestum,
1538 3662 1625 3727 data
1667 3662 1762 3746 apud
1804 3662 1924 3730 west·

421 3799 683 3881 monesterium,
725 3799 986 3883 quintodecimo
1024 3801 1082 3866 die
1122 3799 1260 3881 Marcii,
1290 3818 1385 3867 auno
1422 3798 1525 3885 regni
1562 3796 1617 3862 sui
1654 3809 1757 3865 sexto
1793 3792 1924 3887 [1383],

420 3933 592 4016 dedimus,
607 3938 844 4005 concessimus
859 3948 895 4004 et
908 3940 976 4004 hac
995 3938 1151 4024 presenti
1173 3948 1273 4005 carta
1292 3947 1415 4003 nostra
1436 3932 1720 4002 confirmauimus
1734 3954 1799 4021 pro
1821 3935 1926 4001 nobis

420 4080 458 4139 et
483 4072 673 4139 heredibus
702 4074 832 4140 nostris
869 4073 1126 4159 imperpetuum
1159 4072 1296 4137 Th0me
1324 4072 1460 4137 Borton
1491 4078 1529 4136 et
1557 4068 1712 4153 Johanni
1744 4068 1925 4151 Wodfcrd,

421 4207 624 4293 capellanis,
654 4220 690 4277 et
719 4230 840 4277 eorum
870 4210 1130 4277 successoribus
1160 4208 1354 4295 capellanis
1390 4207 1650 4294 imperpetuum
1685 4215 1800 4272 totum
1837 4204 1926 4273 illud

420 4344 641 4430 mesuagium
685 4356 845 4413 nostrum
889 4359 1054 4413 vocatum
1098 4344 1390 4432 Berewykyshyn
1440 4362 1520 4409 cum
1571 4342 1799 4429 pertinenciis
1849 4342 1925 4410 suis

420 4480 594 4547 vniuersis
630 4482 667 4547 in
704 4484 873 4550 suburbio
911 4484 1091 4550 Bristollie
1131 4484 1168 4549 in
1207 4482 1513 4566 Redeclyuestret,
1552 4479 1646 4545 iuter
1683 4487 1923 4546 tenementum

419 4615 597 4700 quondam
624 4614 761 4685 Thome
783 4618 929 4687 Colston
950 4638 996 4685 ex
1017 4631 1118 4705 parte
1139 4638 1220 4701 vna,
1243 4629 1280 4685 et
1301 4615 1522 4703 mesuagium
1545 4614 1724 4701 quondam
1746 4613 1923 4701 Stephani

419 4748 544 4836 Spicer
577 4772 624 4819 ex
659 4764 761 4839 parte
796 4756 919 4822 altera
979 4754 1154 4822 Dedimus
1190 4753 1304 4822 eciam
1339 4766 1377 4819 et
1412 4751 1652 4819 concessimus
1690 4760 1727 4818 et
1766 4753 1923 4838 presenti

418 4898 517 4954 carta
544 4899 667 4957 nostra
695 4888 981 4959 confir-mouimus
1010 4892 1143 4959 eisdem
1170 4890 1307 4958 Th0me
1327 4889 1463 4956 Borton
1485 4896 1522 4955 et
1541 4887 1697 4972 Iohanni
1718 4886 1922 4969 wodeford,

418 5026 623 5110 capellanis,
652 5040 690 5094 et
718 5047 839 5095 eorum
868 5030 1130 5098 successorihus
1165 5028 1360 5115 capellanis
1391 5027 1648 5112 imperpetuum
1685 5033 1799 5092 totum
1834 5017 1923 5093 iilud

418 5162 639 5251 mesuagium
682 5174 841 5232 nostrum
888 5166 1003 5235 eidem
1046 5167 1231 5255 mesuagio
1275 5184 1464 5247 annexum,
1508 5182 1588 5231 cum
1631 5161 1796 5228 omnibus
1848 5164 1923 5231 suis
