4975 6309
729 762 827 852 Ebc
852 760 990 853 ntttle
1015 762 1112 853 heo
1138 763 1267 854 lloolt
1291 766 1342 856 ol
1373 765 1561 858 uentu.
1826 792 1897 865 Ι59

391 976 632 1067 ministrorum
661 994 803 1043 suorum
832 978 889 1043 vel
916 977 1085 1043 heredum
1115 996 1257 1045 suorum
1286 997 1584 1065 quorumcumque
1612 998 1744 1065 ponere
1772 996 1839 1046 nos
1859 979 1900 1047 in

392 1112 560 1181 seisinam
596 1115 641 1180 de
674 1112 813 1181 catallis
842 1114 1010 1200 predictis
1045 1124 1083 1181 et
1117 1136 1161 1181 ea
1197 1117 1244 1182 e'd
1279 1136 1381 1183 vsum
1421 1126 1581 1184 nostrum
1622 1117 1783 1183 retinere.
1850 1114 1899 1183 Et

241 1300 248 1313 .
294 1296 302 1314 .
391 1248 504 1315 eciam
533 1248 712 1335 predictus
727 1250 1035 1317 metuendissimus
1064 1251 1228 1318 dominus
1251 1272 1353 1321 mens
1381 1252 1475 1336 Rex,
1504 1272 1570 1340 pro
1591 1272 1631 1320 se
1651 1262 1688 1319 et
1708 1254 1899 1321 heredibus

393 1390 478 1471 suis,
506 1387 631 1454 volens
659 1394 696 1453 et
724 1387 921 1453 concedens
949 1387 1054 1455 nobis
1082 1389 1177 1474 quod
1205 1408 1273 1455 nos
1302 1388 1466 1456 similiter
1491 1391 1688 1457 habeamus
1717 1390 1764 1457 ad
1784 1398 1897 1457 totam

393 1526 504 1593 vitam
533 1532 691 1591 nostram
720 1522 759 1589 in
787 1524 952 1591 omnibus
980 1534 1017 1591 et
1046 1524 1198 1611 singulis
1226 1526 1365 1607 castris,
1387 1525 1564 1608 dominiis,
1586 1526 1765 1608 maneriis,
1790 1525 1897 1608 villis,

393 1662 507 1743 terris,
551 1660 773 1741 tenementis,
816 1660 905 1727 locis
947 1669 984 1725 et
1018 1660 1130 1727 feodis
1167 1670 1312 1729 returna
1350 1662 1508 1729 omnium
1548 1663 1718 1729 brevium·
1746 1659 1898 1749 predicti

394 1796 673 1866 metuendissimi
698 1798 832 1864 domini
853 1796 925 1864 mei
945 1778 1065 1883 Regis¹
1082 1806 1119 1865 et
1140 1798 1309 1865 heredum
1333 1819 1476 1867 suorum
1499 1819 1543 1866 ac
1567 1799 1897 1881 summonicionum,

394 1944 630 2003 extracturum
660 1943 698 2000 et
725 1942 969 2019 preceptorum
999 1934 1044 1999 de
1073 1934 1251 2002 scaccario
1279 1935 1450 2021 predicto,
1480 1955 1619 2002 necnon
1653 1946 1898 2022 preceptorum

394 2082 430 2139 et
454 2080 692 2140 extracturum
721 2070 1000 2153 Justiciariorum
1029 2070 1178 2157 predicti
1207 2071 1489 2139 metuendissimi
1518 2071 1654 2139 domini
1682 2072 1754 2139 mei
1782 2071 1899 2159 Regis

394 2209 451 2277 vel
487 2208 655 2275 heredum
695 2227 838 2275 suorum
889 2206 1134 2275 itinerancium
1173 2218 1249 2274 tam
1286 2209 1331 2275 de
1369 2207 1513 2295 placitis
1549 2206 1679 2275 foreste
1714 2228 1821 2293 quam
1851 2209 1898 2275 ad

395 2345 514 2412 omnia
542 2346 676 2431 placita
704 2354 741 2411 et
770 2345 919 2411 aliorum
947 2344 1229 2427 Justiciariorum
1258 2365 1559 2434 quorumcumque
1594 2354 1631 2414 et
1667 2350 1899 2417 execuciones

394 2484 583 2549 eorundem
627 2482 797 2563 brevium,
836 2482 1164 2563 summonioionum,
1204 2492 1443 2552 extracturum
1482 2493 1520 2551 et
1556 2494 1801 2571 preceptorum
1836 2504 1901 2571 per

174 2634 262 2685 nors
278 2642 359 2693 onon
394 2618 545 2686 ballivos
574 2628 610 2685 et
638 2618 829 2685 ministros
849 2638 932 2687 suos
960 2618 1151 2704 faciendas,
1181 2620 1240 2689 Ita
1260 2622 1355 2707 quod
1376 2623 1496 2690 nullus
1519 2622 1725 2705 vicecomes,
1747 2623 1901 2689 ballivus

164 2708 371 2815 mffiffwt
396 2764 458 2823 aut
495 2754 656 2823 minister
692 2754 819 2843 prefati
859 2757 1140 2825 metuendissimi
1179 2758 1315 2826 domini
1359 2759 1430 2828 mei
1473 2758 1590 2846 Regis
1632 2760 1690 2825 vel
1731 2759 1900 2826 heredum

237 2838 291 2879 m
396 2914 537 2961 suorum
574 2894 695 2979 aliqua
729 2903 933 2974 castrorum,
964 2894 1209 2977 dominiorum,
1239 2896 1486 2978 maneriorum,
1514 2897 1689 2976 villarum,
1717 2906 1900 2975 terrarum,
2029 2924 2033 2931 ·

395 3040 685 3112 tenementorum,
715 3030 871 3097 locorum
892 3041 930 3098 et
957 3029 1138 3099 feodorum
1174 3034 1412 3120 predictorum
1448 3033 1495 3100 ad
1530 3030 1647 3100 officia
1683 3034 1803 3119 aliqua
1838 3054 1902 3100 seu

396 3171 468 3239 alia
495 3168 612 3237 officia
640 3189 705 3237 sua
733 3168 925 3256 tangencia
958 3167 1122 3237 iacienda
1157 3170 1387 3257 ingrediatur,
1424 3170 1496 3237 nisi
1531 3170 1570 3236 in
1605 3169 1744 3237 defectu
1779 3180 1902 3237 nostro

395 3308 453 3374 vel
487 3306 699 3373 ballivorum
735 3324 798 3373 seu
834 3305 1073 3373 ministrorum
1110 3314 1321 3373 nostrornm.
1383 3306 1433 3373 Et
1467 3306 1500 3373 si
1533 3306 1769 3387 vicecomites,
1806 3301 1901 3395 [aut]

396 3443 520 3510 ballivi
555 3442 769 3524 libertatum,
814 3442 1085 3524 hundredorum,
1129 3442 1452 3529 wapentachiorum
1496 3443 1534 3508 in
1577 3443 1651 3509 ullo
1694 3451 1901 3524 castrorum,

395 3580 642 3661 dominiorum,
668 3580 915 3663 maneriorum,
943 3581 1119 3662 villarum,
1148 3589 1332 3661 terrarum,
1363 3588 1654 3661 tenementorurn,
1684 3580 1840 3645 locorum
1865 3587 1902 3646 et

393 3716 574 3785 feodorum
602 3718 838 3802 predictorum
867 3718 905 3783 in
934 3718 1112 3803 aliquibus
1139 3717 1412 3785 execucionibus
1439 3737 1504 3804 pro
1540 3716 1645 3783 nobis
1679 3736 1743 3802 per
1779 3714 1902 3783 brevia

397 3858 472 3923 sive
511 3856 682 3922 mandata
720 3855 869 3942 predicti
909 3854 1188 3923 metuendissimi
1224 3856 1360 3922 domini
1396 3854 1467 3921 mei
1502 3853 1618 3940 Regis
1645 3855 1704 3921 vel
1731 3855 1901 3921 heredum

395 4013 537 4061 suorum
575 4002 636 4060 aut
672 3992 797 4078 quovis
834 3992 904 4059 alio
934 3994 1040 4059 modo
1068 3992 1240 4061 iaciendis
1268 3993 1493 4079 negligentes
1519 3990 1649 4057 fuerint
1676 3991 1735 4057 vel
1763 3990 1902 4057 remissi

395 4150 461 4217 per
487 4129 583 4217 quod
612 4128 711 4215 ipsos
739 4130 777 4195 in
812 4129 988 4196 scaccario
1019 4128 1169 4217 predicti
1203 4126 1487 4195 metuendissimi
1522 4126 1657 4193 domini
1686 4126 1757 4193 mei
1785 4126 1902 4213 Regis

397 4290 460 4337 seu
496 4267 576 4334 aliis
612 4266 719 4333 curiis
751 4266 825 4331 suis
853 4266 1042 4353 contigerit
1079 4265 1262 4333 amerciari
1296 4266 1355 4331 vel
1389 4263 1480 4331 fines
1514 4263 1640 4345 facere,
1678 4265 1772 4349 quod
1811 4262 1901 4331 fines

394 4416 431 4473 et
461 4404 734 4472 amerciamenta
762 4403 826 4470 illa
846 4403 918 4469 sint
940 4412 1120 4470 nostrast
1142 4403 1188 4469 ed
1209 4422 1301 4490 opus
1321 4412 1481 4470 nostrum
1501 4402 1672 4468 leventur.
1717 4400 1901 4467 Concessit

394 4540 506 4608 eciam
536 4538 639 4605 nobis
674 4538 854 4623 predictus
892 4540 1200 4607 metuendissimus
1237 4539 1403 4606 dominus
1441 4556 1542 4603 meus
1581 4536 1666 4604 Rex
1703 4536 1798 4623 quod
1833 4556 1901 4604 nos

393 4684 576 4742 teneamus
614 4682 740 4752 castra,
779 4671 946 4752 dominia,
987 4672 1155 4752 maneria,
1192 4672 1309 4753 villas,
1345 4683 1467 4749 terras,
1504 4679 1716 4751 tenementa,
1752 4673 1833 4738 loca
1863 4679 1901 4739 et

391 4811 497 4879 feoda
523 4808 683 4895 predicta
710 4830 861 4877 unacum
890 4807 1002 4877 feodis
1032 4810 1195 4891 militum,
1228 4808 1523 4877 advocacionibus
1551 4809 1735 4876 domorum
1756 4808 1900 4896 religio·

396 4968 514 5015 sarum
544 4957 580 5015 et
608 4945 850 5033 hospitalium,
891 4944 1129 5026 ecclesiarum,
1169 4945 1395 5031 capellarum,
1433 4944 1574 5023 wardis,
1612 4943 1813 5030 maritagiis
1863 4954 1900 5011 et

397 5083 547 5151 escaetis
570 5083 615 5149 de
644 5082 809 5149 omnibus
837 5082 1049 5164 tenentibus,
1079 5067 1316 5151 residentibus
1345 5094 1381 5148 et
1402 5102 1475 5148 non
1495 5080 1743 5161 residentibus,
1764 5090 1801 5147 et
1823 5087 1898 5146 tam
