4975 6309
686 772 688 785 '
746 768 844 862 libe
867 766 1005 861 little
1029 768 1128 858 tice
1153 768 1282 859 Boot
1308 767 1358 860 ot
1387 767 1579 861 tlttstol.
1838 792 1907 847 ιιι

403 983 563 1073 sigillum
620 980 728 1053 officii
780 982 852 1052 mei
908 982 1103 1069 majoratus
1159 982 1384 1069 presentibus
1432 980 1598 1049 duximus
1648 982 1910 1070 apponendum.

402 1120 538 1189 Datum
566 1118 748 1189 Bristellie
775 1118 943 1187 vicesimo
971 1126 1098 1187 octauo
1134 1117 1194 1187 die
1227 1117 1400 1203 Januarii,
1433 1138 1529 1186 anno
1556 1118 1692 1187 demini
1719 1118 1910 1187 millesimo

403 1274 465 1325 eac
487 1254 616 1343 lxxiiii,
644 1262 682 1325 et
710 1274 805 1323 enno
833 1254 936 1343 regni
963 1254 1059 1342 regis
1087 1254 1256 1323 Edwardi
1283 1254 1384 1321 tercii
1411 1262 1495 1341 post
1526 1264 1756 1341 conquestum
1791 1254 1905 1341 quad·

403 1392 582 1479 rageslmo
609 1410 717 1460 nene.

408 1631 742 1711 COMPOSICIO
796 1629 1089 1707 CANTARIE
1136 1628 1389 1707 RICARDI
1429 1628 1516 1708 DE
1567 1628 1806 1707 WELLES
1842 1630 1917 1708 IN

751 1779 1034 1859 ECCLESIA
1084 1780 1297 1857 SANCTI
1341 1779 1552 1857 THOME.

530 1954 720 2025 Uniuersis
770 1964 893 2025 sancte
942 1954 1068 2023 mattis
1109 1956 1258 2023 ecclesie
1307 1952 1392 2022 filiis
1442 1955 1489 2022 ad
1538 1972 1688 2042 quorum
1737 1954 1906 2022 noticiam
1958 1966 2101 2085 cnam

397 2092 597 2179 peruenerit
624 2090 691 2158 hec
720 2090 903 2176 scriptura.
933 2088 1148 2176 Redulphus
1175 2090 1408 2179 permissione
1436 2090 1561 2159 diuina
1587 2089 1840 2159 Batboniansis
1868 2099 1906 2158 et
1961 2096 2106 2215 {ff

395 2224 588 2295 Wellensls
608 2224 817 2315 Episcopus,
832 2226 983 2294 salutem
1005 2226 1043 2293 in
1063 2225 1220 2296 Domine
1241 2228 1504 2315 sempiternam.
1547 2224 1717 2296 Humane
1735 2227 1906 2295 memorie

396 2364 555 2433 labilitas
576 2365 813 2453 decursusque
835 2365 1005 2454 temporis
1025 2364 1203 2433 continuis
1224 2363 1441 2467 obliuionem
1461 2364 1674 2432 multociens
1697 2362 1906 2433 inducentes

398 2520 465 2569 nos
493 2502 633 2569 exitant
667 2510 704 2569 et
739 2502 911 2571 inducunt
948 2512 987 2569 vt
1029 2520 1074 2569 ea
1116 2520 1187 2589 que
1229 2500 1278 2567 ad
1311 2500 1483 2568 honorem
1522 2499 1603 2581 Dei,
1640 2500 1754 2567 diuini
1789 2502 1906 2569 cultus

397 2640 638 2727 augmentum,
669 2658 711 2706 ac
744 2640 943 2708 animarum
975 2641 1126 2707 salutem
1158 2634 1387 2706 laudabiliter
1417 2644 1588 2725 geruntur
1620 2637 1659 2705 in
1695 2636 1905 2724 scripturam

397 2792 467 2862 que
505 2774 675 2841 memorie
713 2784 834 2843 cristus
875 2773 991 2843 fidelis
1034 2774 1157 2843 existit
1199 2774 1372 2843 veraciter
1412 2772 1618 2861 redigamus
1659 2773 1698 2841 in
1738 2793 1907 2859 processu

396 2910 567 2995 temperis
595 2929 653 2978 res
681 2920 783 2999 geste
812 2912 999 2981 salubriter
1027 2912 1066 2981 in
1094 2912 1240 2980 dubium
1269 2918 1488 2979 nubentur.
1531 2908 1764 2979 Vniuersitati
1796 2911 1907 2999 igitur

395 3054 512 3115 vestre
537 3055 659 3115 tenore
697 3048 920 3135 presencium
960 3048 1167 3117 intimamus
1202 3047 1300 3134 quod
1338 3066 1419 3114 cum
1455 3046 1635 3115 Ricardus
1672 3046 1719 3115 de
1757 3044 1905 3129 welles,

396 3182 592 3270 Burgensis
620 3182 804 3251 Bristellie
826 3184 903 3271 jam
932 3184 1129 3264 defluuntus,
1158 3184 1197 3251 in
1225 3182 1353 3250 vltima
1379 3184 1563 3251 voluntate
1591 3202 1658 3250 sua
1691 3183 1905 3270 dispositius

394 3318 462 3387 rite
489 3318 660 3400 confecta,
689 3328 726 3387 et
755 3321 964 3389 auctoritate
991 3330 1115 3389 nostra
1141 3320 1304 3407 legitime
1330 3320 1540 3407 approbata,
1570 3330 1668 3388 certa
1702 3330 1905 3391 tenementa
1937 3379 1940 3382 .

395 3474 472 3537 sua,
500 3456 665 3524 videlicet
694 3457 785 3525 duas
813 3458 916 3525 sullas
944 3477 1024 3525 cum
1053 3456 1177 3543 sinopis
1205 3455 1451 3545 adjacentibus
1486 3469 1523 3526 et
1558 3460 1641 3527 aliis
1675 3459 1905 3547 pertinenciis

394 3610 484 3677 quas
513 3592 599 3658 emit
624 3592 670 3661 de
696 3591 861 3677 Johanne
888 3593 1057 3663 Tunbreli
1086 3593 1237 3661 situatas
1267 3594 1305 3662 in
1334 3595 1513 3663 suburbiis
1540 3596 1626 3665 viiie
1653 3598 1836 3665 Bristoilie
1864 3598 1903 3663 in

392 3726 472 3794 vieo
515 3726 715 3808 Fullonum
758 3736 796 3795 et
838 3748 929 3814 quas
972 3730 1067 3798 idem
1110 3732 1290 3803 Ricardus
1333 3737 1379 3804 de
1421 3756 1590 3824 expressa
1634 3746 1672 3805 et
1718 3738 1902 3805 voluntate

392 3861 680 3931 excellentissimi
715 3862 887 3951 principis
924 3874 961 3933 et
1000 3867 1135 3937 domini
1174 3873 1288 3941 nostrl
1319 3873 1455 3941 domini
1482 3872 1650 3942 Edwardi
1678 3874 1749 3942 Dei
1776 3875 1901 3961 grecia

247 3988 249 3995 ’
391 3996 508 4087 Regis
535 3998 671 4085 Anglie
699 3999 847 4067 illustris
874 4012 958 4089 pust
985 4018 1216 4091 conquestum
1238 4010 1349 4093 tercii,
1372 4031 1415 4079 ec
1439 4011 1599 4079 emnium
1619 4020 1657 4079 et
1677 4011 1898 4098 singulorum

391 4134 540 4203 aliorum
577 4155 726 4221 quorum
763 4137 931 4205 intererat
966 4140 1013 4208 ed
1048 4162 1194 4213 manum
1230 4156 1407 4215 mortuam
1441 4146 1583 4234 adquiri
1616 4148 1820 4235 prucurauit
1862 4156 1900 4215 et

390 4273 474 4342 iecit
508 4294 573 4359 pro
608 4293 681 4342 vna
715 4274 875 4375 cantaria
908 4288 1080 4363 perpetus
1118 4280 1157 4349 in
1200 4284 1340 4371 capella
1381 4284 1479 4353 beati
1518 4282 1666 4365 Tbeme,
1704 4284 1897 4364 Bristollie

390 4419 511 4478 nostre
545 4410 707 4491 diocesis,
736 4428 802 4497 pro
839 4411 960 4479 anima
998 4413 1111 4503 ipsius
1144 4418 1295 4487 Ricardi
1333 4429 1372 4489 et
1409 4420 1598 4488 animabus
1635 4432 1896 4523 antecessorum

390 4564 533 4615 suorum
586 4554 624 4613 et
673 4546 830 4613 omniurn
881 4544 1039 4617 fidelium
1089 4550 1333 4620 defuncturum
1383 4552 1605 4621 celebrandis
1653 4552 1811 4641 legasset
1859 4563 1897 4620 et

388 4682 617 4769 assignasset.
664 4681 718 4748 Ac
746 4678 857 4771 Hugu
885 4684 931 4779 ds
958 4683 1211 4776 Langbrugge,
1239 4686 1429 4776 bingensis
1463 4686 1657 4771 Bdstobia,
1692 4687 1814 4756 Adam
1849 4689 1897 4756 de

387 4819 597 4899 Cbelwortb,
633 4819 821 4906 burgensis
856 4820 1059 4904 wellensis,
1096 4833 1133 4893 et
1166 4823 1350 4909 Jehannes
1385 4823 1509 4912 Otery.
1544 4832 1750 4893 exacuere
1784 4834 1896 4894 testa·

386 4956 497 5025 menti
529 4954 617 5023 dicti
655 4954 822 5038 defuncti,
851 4958 890 5026 in
925 4961 1110 5047 presencia
1146 4970 1269 5031 nestra
1311 4962 1514 5050 specialiter
1554 4960 1750 5042 constitui,
1789 4962 1894 5030 nobis

384 5092 565 5161 humiliter
606 5093 866 5180 supplicassent
907 5096 1003 5184 quod
1045 5099 1240 5167 cantariam
1275 5096 1480 5187 huiusmodi
1514 5096 1562 5165 ad
1597 5114 1706 5183 quam
1742 5098 1824 5165 aule
1855 5106 1894 5167 et
