4975 6309
866 710 964 800 obe
988 708 1126 797 little
1151 708 1249 797 ’κοῦ
1273 706 1404 797 Boot
1429 707 1479 796 ot
1509 706 1700 797 motet.

861 925 955 1001 nso
977 924 1025 1023 ff
1039 926 1095 1001 to
1118 924 1222 999 dean
1246 922 1469 1021 ofssnmn
1497 922 1698 1000 cimmo

655 1102 926 1171 Memorandum
959 1102 1055 1189 quod
1087 1102 1243 1168 Eumota
1272 1098 1480 1169 Chilcombe
1509 1118 1623 1184 nuper
1653 1098 1700 1164 de
1731 1097 1916 1164 Bristollia
1945 1093 2035 1162 obiit

527 1238 624 1323 apud
651 1236 872 1305 Bristolliam
892 1237 951 1304 die
974 1235 1137 1303 mercurii
1169 1236 1208 1303 in
1238 1236 1328 1302 festo
1361 1234 1476 1302 sancti
1505 1235 1642 1301 'Ihome
1667 1236 1833 1317 martiris,
1857 1235 2034 1315 videlicet,

526 1376 694 1443 vicesimo
730 1396 826 1444 nono
862 1375 921 1443 die
954 1375 1087 1442 mensis
1119 1375 1328 1443 Decembris
1361 1395 1457 1442 anno
1489 1376 1592 1461 regni
1627 1374 1724 1461 regis
1760 1372 1909 1441 Henrici
1941 1372 2034 1441 sexti

526 1523 608 1601 post
634 1522 863 1599 conquestum
889 1512 1025 1598 Anglie
1051 1513 1204 1578 secundo
1238 1509 1370 1601 [1423],
1401 1511 1502 1597 cujus
1533 1531 1663 1597 corpus
1694 1512 1871 1598 sepultum
1900 1510 1967 1578 fuit
1994 1509 2033 1576 in

526 1650 688 1717 Ecclesia
713 1650 883 1719 Omnium
905 1648 1128 1728 Sanctorum,
1149 1649 1320 1730 Bristoli.,
1351 1649 1514 1732 Johanne
1532 1651 1669 1718 Borton
1690 1662 1777 1717 tunc
1796 1651 1933 1717 Maiore
1948 1650 2033 1717 ville

526 1786 717 1867 Bdstollie,
756 1786 894 1851 Thoma
932 1784 1119 1871 Haliewey
1159 1795 1245 1852 tunc
1283 1786 1490 1852 vicecomite
1531 1786 1689 1854 eiusdem
1733 1788 1830 1868 ville,
1876 1787 2033 1855 Ricardo

525 1926 741 1992 Alisaundre
765 1933 802 1990 et
823 1924 987 2007 Johanne
1009 1922 1129 1989 Hethe
1159 1932 1244 1989 tunc
1265 1923 1416 1990 Ballivis
1433 1924 1519 1991 ville
1544 1925 1712 2011 predicte,
1733 1926 1877 1993 domino
1896 1925 2035 1994 Thoma

525 2062 700 2129 Marchall
725 2074 874 2149 protunc
903 2071 1074 2147 perpetuo
1102 2059 1235 2128 vicario
1262 2060 1422 2127 Ecclesie
1447 2059 1617 2129 Omnium
1641 2061 1852 2129 Sanctorum
1877 2062 2035 2148 predicte

527 2210 563 2268 et
596 2200 759 2284 Johanne
799 2199 932 2267 Bolton
971 2197 1099 2266 clerico
1140 2198 1407 2265 communitatis
1447 2200 1532 2266 ville
1573 2200 1742 2285 predicte,
1781 2200 1852 2285 Qui
1891 2202 2035 2287 quidem

526 2338 707 2423 Johannes
739 2336 871 2403 Bolton
908 2337 954 2404 ed
989 2334 1200 2402 instanciam
1237 2345 1274 2401 et
1306 2346 1472 2422 rogatum
1504 2336 1670 2420 Johanne
1701 2337 1850 2424 Waleys
1885 2346 2035 2423 protunc

528 2473 699 2541 Priorisse
723 2474 850 2539 domus
875 2474 981 2539 beate
1005 2472 1120 2539 Marie
1144 2472 1360 2557 Magdalene
1385 2472 1607 2558 infrascripte
1632 2483 1669 2540 et
1688 2472 1856 2539 Sororum
1876 2472 2036 2541 eiusdem

527 2611 596 2677 loci
619 2630 661 2677 ec
681 2609 856 2693 Johannis
878 2608 1046 2690 Haddon‚
1061 2608 1222 2697 Vynter,¹
1244 2608 1433 2695 burgensis
1454 2609 1538 2675 ville
1557 2611 1715 2696 predicte
1731 2610 1905 2698 premissa
1925 2631 2035 2681 manu

527 2767 592 2817 sua
616 2746 760 2834 propria
785 2746 927 2831 scripsit
952 2746 990 2813 in
1014 2748 1120 2813 dorso
1149 2746 1298 2812 istarum
1330 2746 1595 2814 indenturamm
1628 2747 1667 2814 in
1700 2749 1901 2816 evidencius
1933 2748 2034 2817 teeti·

527 2886 683 2952 monium
707 2884 970 2970 premissorum.

616 3022 696 3089 Hoc
721 3024 987 3090 memorandum
1009 3022 1169 3109 superius
1195 3022 1365 3109 scriptum
1385 3023 1536 3090 intratur
1554 3023 1593 3090 in
1610 3032 1760 3111 utroque
1778 3026 1883 3092 dorso
1903 3024 2035 3092 Inden-

614 3171 771 3227 turarum
794 3159 956 3248 superius
981 3156 1272 3247 specificatam.
1701 3160 1779 3229 first
1793 3162 1843 3250 fly
1856 3162 1937 3244 leaf,
1951 3164 2035 3231 dom

580 3376 1031 3454 SACRAMENTUM
1069 3376 1578 3471 JURISPERITORUM
1625 3378 1994 3459 ELECTORUM

1064 3526 1138 3602 IN
1175 3526 1209 3603 C
1210 3527 1497 3606 ONSILIUM.

657 3742 745 3810 ms
765 3742 797 3809 is
820 3741 970 3809 another
991 3761 1083 3829 copy
1103 3740 1144 3807 of
1160 3742 1225 3809 the
1245 3744 1333 3810 oath
1353 3764 1400 3811 on
1417 3763 1454 3831 p.
1474 3764 1502 3813 ι.

411 3972 418 3987 ·
527 3930 809 4009 RENTALE
855 3929 1199 4008 COMMUNITA
1209 3932 1296 4007 TIS
1347 3932 1519 4009 VILLE
1563 3932 1910 4013 BRISTOLLIE
1949 3934 2036 4015 DE

819 4082 1080 4159 TERMINO
1118 4083 1492 4161 NATIVITATIS
1529 4084 1753 4163 DOMINI.

527 4285 585 4355 De
605 4282 896 4352 Procuratoribus
917 4284 1066 4351 ecclesie
1086 4284 1132 4351 de
1147 4286 1351 4373 Redeclyve
1364 4306 1430 4373 pro
1443 4288 1598 4375 quodam
1614 4285 1685 4375 (sic)

613 4420 731 4510 forgia
752 4440 860 4506 supra
881 4430 1038 4489 montem
1060 4421 1193 4490 ibidem
1251 4471 1262 4491 .
1394 4472 1404 4489 .
1536 4474 1546 4491 .
1678 4474 1687 4493 .
1961 4426 2034 4496 ixl.

1867 4585 1932 4652 pe
1944 4564 2000 4632 n-

527 4698 585 4767 De
605 4695 694 4767 tuni
714 4697 808 4764 nitra
829 4696 1028 4765 inferiorem
1049 4708 1188 4783 portam
1207 4700 1254 4765 de
1268 4698 1473 4787 Redeclyve
1575 4700 1662 4789 145&
1729 4702 1798 4789 vid.
1839 4701 2036 4783 dentnram,

527 4837 585 4905 De
606 4834 695 4903 turri
717 4834 818 4902 iuxta
839 4835 989 4902 eandem
1010 4835 1134 4903 turrim
1153 4856 1200 4903 ex
1220 4845 1323 4923 parte
1344 4836 1472 4905 boriali
1521 4837 1577 4927 ijs.
1591 4837 1664 4926 qd
1677 4836 1798 4923 xviijd.
1853 4839 2023 4929 symonis

1241 5056 1352 5110 Vm
1867 4976 2006 5067 Yonge.
