4975 6309
830 770 927 860 ebe
951 770 1090 859 little
1115 770 1212 859 Rev
1237 771 1366 860 Book
1392 771 1441 859 of
1466 770 1652 860 Βτίῦϊοῑ.
1942 795 1988 869 55

489 983 717 1050 marchauntz
740 983 859 1068 privet
882 991 919 1048 et
943 992 1162 1068 estraunges.
1207 983 1256 1048 Et
1277 983 1339 1048 nul
1359 982 1443 1049 hom
1465 1001 1531 1066 par
1552 983 1672 1050 colour
1692 983 1737 1048 de
1751 991 1871 1048 nostre
1892 980 1991 1048 office

488 1121 690 1206 delayerom
716 1139 792 1186 mes
816 1129 976 1206 qeuntqe
1003 1130 1123 1188 nostre
1151 1117 1251 1186 office
1272 1129 1405 1204 eppent
1425 1119 1620 1205 loyalment
1649 1117 1794 1186 ferroms
1815 1138 1858 1206 sy
1885 1119 1993 1184 dieux

488 1276 579 1324 nous
592 1257 694 1344 eyde,
709 1265 775 1324 ete

664 1503 1115 1583 SACRAMENTUM
1155 1503 1346 1580 PORTA
1355 1504 1394 1579 T
1390 1502 1558 1580 ORUM
1609 1503 1826 1582 WAYDE.

618 1672 673 1759 Qe
685 1693 777 1740 nous
790 1693 942 1740 sel-roms
955 1671 1078 1758 foyalx
1087 1680 1124 1736 et
1137 1672 1270 1756 loyalx,
1286 1681 1352 1735 etc.
1397 1669 1445 1736 Et
1455 1679 1570 1755 prestz
1586 1690 1737 1738 serroms
1751 1671 1795 1736 de
1808 1682 1928 1756 portet
1937 1671 1990 1738 les

486 1810 631 1896 weydes
650 1819 763 1895 qeunt
784 1830 875 1876 nous
889 1828 1041 1875 serroms
1054 1807 1177 1894 garniz
1191 1827 1257 1892 par
1272 1807 1324 1872 les
1338 1808 1506 1873 brocours
1520 1815 1556 1872 et
1570 1807 1763 1893 loyalment
1776 1806 1922 1874 ferroms
1936 1808 1989 1874 les

487 1954 583 2032 treys
607 1954 731 2012 tourns
753 1965 832 2012 eom
851 1954 985 2030 appent
1008 1954 1045 2010 et
1067 1945 1142 2010 oele
1164 1963 1211 2008 en
1234 1961 1361 2028 gomer
1382 1951 1574 2008 mettroms.
1640 1941 1689 2008 Et
1713 1943 1906 2028 loyalment
1928 1961 1991 2008 ceo

487 2101 691 2148 mesumms.
747 2081 795 2147 Et
823 2082 886 2155 nul
910 2083 995 2148 hom
1020 2081 1249 2165 delayeroms,
1271 2098 1346 2143 mes
1368 2097 1533 2164 qaunqen
1553 2097 1643 2144 nous
1656 2087 1712 2144 est
1725 2079 1988 2165 espleyteroms.

486 2218 534 2284 Et
558 2227 652 2285 tetes
674 2221 782 2286 altres
807 2219 933 2286 choses
957 2238 1005 2302 qa
1027 2225 1147 2282 nostre
1170 2215 1270 2282 office
1294 2224 1426 2300 eppent
1449 2215 1643 2300 loyalment
1665 2213 1812 2282 ferroms
1826 2237 1868 2304 sy
1882 2215 1990 2282 dieux

485 2377 577 2423 nous
589 2357 690 2443 eyde,
711 2365 779 2422 etc.

646 2600 1097 2680 SACRAMENTUM
1147 2599 1262 2676 THE
1265 2598 1547 2675 OLONARII
1587 2598 1822 2676 PORTUS.

613 2770 687 2839 Ceo
706 2780 808 2858 oyetz
827 2789 926 2849 vous,
946 2778 1012 2834 etc.
1057 2768 1106 2832 Et
1129 2768 1325 2852 loyalment
1347 2765 1504 2850 serviray
1528 2766 1563 2830 al
1587 2765 1707 2846 meite,
1733 2765 1866 2832 baillifs
1890 2775 1927 2832 et
1950 2767 1987 2832 la

483 2907 751 2974 communeltee.
795 2907 845 2973 Et
865 2907 918 2971 les
939 2905 1127 2989 enseignes
1144 2923 1262 2990 queux
1277 2902 1332 2968 ieo
1347 2921 1530 2988 receverey
1545 2921 1622 2968 com
1637 2902 1693 2967 ieo
1709 2921 1827 2987 serrey
1842 2903 1987 2988 enjoynt

482 3065 545 3113 sus
565 3045 715 3131 rendrey
736 3051 774 3110 et
787 3052 883 3110 toutz
897 3044 950 3108 les
969 3061 1083 3128 gages
1099 3061 1165 3125 par
1185 3060 1269 3126 moy
1288 3039 1402 3124 prises
1423 3040 1458 3105 al
1472 3037 1533 3124 fyn
1548 3041 1593 3105 de
1607 3040 1780 3105 chescune
1801 3039 1987 3125 symeigne

483 3200 544 3248 sus
570 3181 730 3265 rendrey.
789 3179 837 3244 Et
862 3179 937 3245 nuil
963 3197 1009 3243 ne
1031 3175 1180 3263 soeffrey
1201 3186 1320 3242 entrer
1344 3195 1390 3241 ne
1411 3177 1503 3260 issyr
1519 3195 1586 3242 oue
1610 3176 1861 3242 mercheundie
1875 3195 1983 3242 saunz

481 3335 662 3403 enseygne
675 3334 723 3382 ou
736 3334 831 3401 gage
844 3325 981 3381 mettre.
1026 3315 1081 3381 Ne
1095 3315 1170 3380 nuil
1184 3315 1448 3381 nounduement
1461 3324 1625 3401 tergerey
1639 3335 1714 3381 mes
1728 3323 1824 3381 toutz
1840 3335 1862 3380 a
1876 3335 1983 3382 moun

481 3473 593 3540 poayr
611 3455 802 3521 bonement
820 3454 1042 3538 espleyterey
1062 3473 1171 3518 saunz
1192 3451 1269 3516 rien
1289 3451 1334 3518 de
1355 3471 1424 3517 eux
1445 3453 1595 3536 prendre
1612 3473 1678 3537 par
1697 3471 1802 3520 cause
1817 3455 1862 3520 de
1876 3473 1982 3520 moun

480 3590 589 3657 office.
633 3591 689 3657 Ne
710 3590 786 3656 nuil
800 3592 845 3655 de
859 3589 972 3675 pulste
985 3610 1032 3655 ou
1046 3589 1160 3657 daltre
1174 3589 1385 3674 suspecioun
1400 3587 1548 3674 soeflrey
1560 3599 1678 3655 entrer
1689 3608 1733 3655 ne
1744 3589 1826 3656 issir
1839 3610 1862 3655 e
1876 3609 1983 3656 moun

477 3732 588 3814 poair.
632 3729 681 3796 Et
695 3739 787 3796 totes
802 3730 910 3795 a'ltres
923 3730 1048 3795 choses
1062 3747 1111 3815 qe
1124 3747 1231 3794 moun
1247 3724 1346 3792 office
1367 3737 1475 3810 apent
1497 3727 1691 3812 loyalment
1711 3725 1789 3812 frey
1811 3746 1854 3813 sy
1875 3727 1982 3792 dieux

479 3868 615 3954 meyde,
630 3879 696 3933 ete

719 4112 1169 4189 SACRAMENTUM
1216 4109 1489 4188 CUSTODIS
1540 4107 1742 4183 GAOLE.

609 4278 682 4347 Ceo
704 4289 806 4366 oyetz
826 4298 925 4359 vous,
947 4289 1014 4345 ete
1059 4278 1106 4343 Et
1131 4278 1325 4364 loyalment
1349 4274 1522 4360 garderey
1544 4276 1582 4340 le
1605 4274 1718 4358 gaole‚
1740 4274 1792 4339 les
1815 4273 1979 4357 prisouns

477 4419 624 4502 illeoqes
646 4426 826 4483 esteauntz
847 4426 884 4483 et
905 4437 996 4482 ceux
1009 4437 1078 4501 qen
1092 4435 1199 4480 moun
1214 4423 1331 4497 temps
1354 4411 1558 4477 evendront.
1603 4410 1671 4474 Les
1687 4429 1782 4494 geez,
1798 4409 1979 4476 maniches

476 4565 513 4619 et
534 4563 627 4620 totes
648 4554 757 4619 altres
775 4552 979 4621 ferrementz
1001 4574 1025 4618 a
1045 4572 1128 4639 moy
1147 4553 1283 4637 lyverez
1298 4557 1335 4614 et
1349 4551 1403 4614 les
1416 4549 1506 4614 distz
1521 4547 1685 4630 prisouns
1698 4548 1851 4612 chescun
1865 4547 1979 4613 solem

474 4707 516 4752 se
530 4686 736 4752 eondicione
749 4687 940 4752 bonement
954 4694 1108 4770 treteray
1121 4693 1158 4748 et
1171 4685 1384 4769 demeneray
1397 4703 1442 4748 ne
1457 4683 1532 4747 nuil
1547 4701 1612 4766 per
1625 4681 1749 4765 priere,
1764 4681 1908 4765 heunge
1930 4699 1976 4746 ne

472 4823 598 4888 malioe
612 4822 875 4888 nounduement
885 4841 951 4906 par
963 4841 1048 4907 moy
1061 4841 1107 4886 ne
1121 4840 1187 4904 per
1201 4821 1290 4884 altre
1304 4838 1485 4906 greveray,
1501 4829 1537 4882 et
1551 4820 1586 4884 le
1600 4817 1766 4903 counseyl
1782 4819 1827 4882 de
1841 4817 1878 4882 la
1891 4815 1975 4882 ville

470 4959 554 5024 bien
581 4969 619 5026 et
646 4961 840 5045 loyalment
868 4959 1014 5043 celerey.
1074 4957 1122 5023 Et
1150 4971 1261 5043 qaunt
1290 4977 1337 5042 qa
1371 4976 1478 5023 moun
1515 4955 1616 5022 office
1652 4963 1787 5040 eppent
1821 4955 1904 5020 bien
1940 4962 1976 5019 et

470 5096 665 5180 loyelment
676 5095 765 5182 frey,
782 5115 824 5181 sy
838 5096 945 5162 dieux
958 5104 1023 5160 etc.
