4975 6309
797 759 891 850 ibe
915 757 1054 850 little
1076 755 1175 845 lieo
1200 757 1328 846 Book
1354 759 1404 848 oi
1434 758 1621 851 §cirici
1884 789 1954 861 23³

285 980 375 1046 rme.
456 970 611 1057 siliginis
649 971 787 1039 venalis
835 992 944 1039 vnum
994 972 1237 1058 quadrantem,
1281 971 1328 1037 de
1377 972 1531 1059 singulis
1581 975 1719 1042 duobus
1770 977 1958 1062 quarteriis

455 1106 627 1191 fabarum,
657 1110 825 1195 pisarum,
854 1110 982 1193 brasei,
1011 1129 1204 1177 euenarmn
1233 1116 1270 1175 et
1298 1110 1385 1176 salis
1412 1109 1550 1175 venalis
1576 1129 1686 1175 vnum
1714 1112 1959 1197 quadrantem,

456 1246 502 1311 de
541 1245 691 1333 singulis
726 1246 839 1315 doleis
873 1248 948 1314 vini
982 1246 1119 1314 venalis
1155 1248 1245 1313 duos
1281 1245 1455 1326 denarios,
1488 1246 1535 1313 de
1563 1247 1722 1333 quelibet
1749 1249 1850 1333 peisa
1878 1250 1958 1335 cepi
1994 1238 1998 1245 ’

454 1382 591 1449 venalis
632 1403 742 1479 virum
785 1382 979 1464 denarium,
1024 1384 1069 1451 de
1111 1381 1270 1468 quolibet
1313 1384 1406 1449 laeto
1450 1364 1615 1450 allecium
1657 1384 1836 1451 venalium
1886 1395 1959 1453 tres

453 1518 627 1600 denarios,
676 1519 721 1587 de
765 1520 935 1606 qualibet1
978 1528 1126 1587 centena
1162 1519 1312 1605 piscium
1350 1520 1528 1587 venalium
1561 1540 1671 1587 vnum
1714 1522 1868 1603 obolum,
1912 1521 1958 1591 de

453 1654 611 1741 qualibet
639 1676 731 1723 naue
759 1676 840 1723 cum
868 1658 1069 1737 meeremio,
1098 1658 1208 1723 busca
1237 1659 1295 1723 vel
1323 1656 1438 1724 turbis
1465 1658 1651 1724 venalibus
1686 1668 1828 1725 cereata
1865 1660 1957 1727 duos

453 1791 627 1872 denarios,
656 1793 702 1859 de
734 1792 892 1879 qualibet
926 1790 1078 1883 cel[dra]
1114 1794 1306 1861 carbonum
1343 1793 1598 1862 maritimorum
1634 1796 1812 1863 venalium
1847 1816 1956 1863 vnum

453 1928 695 2013 quadrantem,
721 1931 767 1996 de
795 1930 953 2015 quolibet
982 1930 1180 2015 summegio
1215 1932 1299 1998 allei
1335 1933 1393 1999 vel
1430 1952 1596 2019 ceperum
1631 1935 1810 2003 venalium
1845 1955 1955 2002 vnum

452 2064 696 2147 quadrantem,
726 2066 772 2133 de
800 2066 957 2153 qualibet
985 2068 1070 2134 naui
1104 2067 1233 2135 cortice
1272 2070 1392 2135 venali
1431 2079 1576 2137 carecta
1611 2090 1720 2137 vnum
1759 2071 1956 2151 denarium,

451 2202 497 2268 de
525 2202 683 2287 qualibet
711 2202 844 2270 butella
874 2204 950 2271 siue
977 2205 1111 2293 bargea
1139 2206 1251 2273 busca
1279 2204 1397 2273 venali
1426 2216 1567 2273 caresta
1594 2226 1703 2273 vnum
1731 2208 1885 2288 obolum,
1911 2208 1957 2277 de

451 2338 603 2427 singulis
631 2340 752 2407 decem
780 2340 892 2427 petris
917 2342 1045 2409 canabi
1071 2343 1130 2409 vel
1157 2342 1223 2409 lini
1250 2344 1388 2412 venalis
1417 2360 1526 2410 vnum
1554 2343 1709 2425 obolum,
1730 2344 1777 2412 de
1797 2345 1957 2431 quolibet

450 2476 650 2563 summagio
679 2476 761 2543 ferri
789 2477 926 2545 venans
954 2498 1062 2547 vnum
1092 2480 1336 2565 quadrantem,
1365 2480 1411 2546 <10
1433 2446 1606 2565 'qualibet
1643 2488 1783 2547 caroea
1816 2480 1955 2567 plumbi

449 2612 587 2681 venalis
615 2634 724 2681 vnum
760 2614 954 2696 denarium,
980 2615 1026 2682 de
1060 2616 1218 2703 quolibet
1253 2616 1350 2683 dolio
1390 2615 1482 2701 picis
1516 2624 1554 2683 et
1594 2614 1779 2683 bituminis
1818 2616 1956 2684 venalis

449 2770 557 2819 vnum
598 2752 752 2833 obolum,
796 2754 842 2819 de
884 2752 1043 2839 quolibet
1085 2752 1182 2821 dolio
1220 2753 1307 2821 salis
1350 2754 1488 2820 venalis
1525 2771 1637 2819 vnum
1676 2752 1870 2833 denarium,
1909 2754 1958 2822 de

449 2890 607 2975 quolibet
635 2890 730 2957 dolio
760 2892 917 2959 cinerum
945 2912 1055 2959 vnum
1084 2891 1328 2977 quadrantem,
1357 2891 1404 2957 dc
1436 2890 1598 2977 quolibet
1633 2890 1731 2957 dolio
1764 2892 1957 2957 carbonum

448 3027 626 3095 venalium
670 3048 778 3096 vnum
821 3029 1015 3110 denarium,
1059 3030 1104 3096 de
1147 3028 1307 3116 qualibet
1347 3038 1499 3094 centena
1545 3046 1625 3093 cere
1663 3026 1801 3094 venalis
1847 3047 1957 3095 vnum

448 3164 641 3246 denarium,
670 3166 716 3233 de
745 3166 902 3252 qualibet
931 3176 1080 3235 centena
1107 3164 1220 3251 panni
1247 3165 1363 3232 lanuti
1391 3165 1529 3232 venalis
1555 3184 1666 3231 vnum
1694 3164 1888 3247 denarium,
1910 3167 1957 3233 de

448 3300 606 3386 qualibet
648 3310 798 3370 centena
840 3302 923 3385 line,
967 3304 1037 3370 tele
1077 3312 1113 3371 et
1155 3301 1338 3369 caneumii
1381 3300 1519 3367 uenalis
1562 3320 1671 3366 vnum
1715 3301 1869 3381 obolum,
1909 3302 1956 3369 de

448 3436 606 3522 qualibet
634 3446 785 3506 centena
825 3439 959 3525 piperis
997 3440 1134 3508 venulis
1169 3458 1279 3506 vnum
1317 3436 1512 3518 denarium,
1551 3435 1597 3501 de
1633 3436 1793 3522 quolibet
1829 3436 1955 3505 fraeno

448 3572 578 3642 ficuum
614 3584 651 3642 et
687 3576 732 3642 de
766 3578 917 3643 racemis
957 3577 1144 3645 venalibus
1185 3596 1296 3645 vnum
1339 3576 1493 3655 obolum,
1530 3574 1576 3641 de
1611 3572 1771 3659 qualibet
1805 3583 1954 3641 centena

449 3710 707 3799 amigdalorum
768 3714 946 3781 venalium
1007 3734 1116 3781 vnum
1176 3712 1359 3782 denarium
1413 3712 1459 3777 de
1516 3710 1637 3778 auerio
1693 3719 1730 3778 et
1786 3712 1954 3797 pondere,

449 3846 583 3915 scilioet
636 3847 682 3915 de
733 3857 883 3917 centena
931 3869 1040 3916 vnum
1087 3848 1282 3930 denarium,
1335 3848 1381 3914 de
1435 3846 1594 3933 qualibet
1645 3859 1797 3916 centena
1852 3848 1955 3916 bordi

447 3981 584 4051 venalis
634 4004 743 4053 vnum
794 3986 947 4067 obolum,
997 3988 1044 4053 de
1111 3984 1269 4072 quolibet
1332 3992 1450 4051 mesto
1506 3982 1626 4051 venali
1681 4004 1791 4051 vnum
1845 3985 1955 4052 dene·

447 4120 549 4203 rium,
593 4123 639 4189 de
676 4122 834 4209 qualibet
877 4134 1027 4193 centena
1060 4124 1289 4193 cheuironum
1326 4124 1384 4188 vel
1414 4118 1598 4187 auronum
1633 4121 1813 4188 venalium
1844 4138 1954 4188 vnum

447 4257 641 4341 denarium,
666 4260 712 4327 de
733 4260 891 4346 quolibet
911 4262 995 4329 balo
1016 4262 1062 4329 de
1082 4261 1277 4331 Cordewan
1297 4269 1336 4327 et
1355 4261 1467 4326 bosen
1488 4237 1607 4325 venali
1626 4277 1736 4324 vnum
1757 4258 1952 4342 denarium,

447 4395 493 4463 de
536 4396 694 4483 quelibet
733 4399 853 4465 coldra
895 4409 988 4467 terre
1030 4400 1168 4467 venalis
1206 4418 1317 4465 vnum
1355 4394 1550 4475 denarium,
1591 4395 1637 4461 de
1675 4394 1834 4480 qualibet
1870 4396 1957 4463 naui

348 4610 358 4623 ι
449 4530 554 4598 molis
590 4531 776 4600 venalibus
816 4544 958 4602 carrata
993 4554 1102 4602 vnum
1141 4533 1336 4613 denarium,
1374 4534 1421 4599 de
1456 4531 1616 4618 quolibet
1645 4531 1823 4617 equorei
1852 4551 1955 4618 eque,

447 4670 540 4736 boue
567 4669 626 4736 vel
654 4688 762 4738 vacce
790 4672 910 4738 venali
937 4689 1046 4739 vnum
1075 4670 1230 4752 obolum,
1259 4672 1305 4739 de
1327 4671 1449 4737 decem
1472 4668 1610 4750 ouibus,
1636 4668 1754 4755 capris
1782 4677 1820 4736 et
1840 4670 1958 4756 porcis

448 4806 634 4874 venalibus
674 4826 782 4875 vnum
820 4808 1015 4892 denarium,
1051 4808 1097 4877 de
1132 4809 1292 4896 qualibet
1326 4815 1477 4875 centena
1512 4804 1622 4893 grisei
1660 4804 1779 4892 operis
1820 4806 1959 4873 venalis

449 4951 523 5010 tres
565 4942 740 5025 denarios,
780 4946 827 5011 de
866 4944 1025 5032 qualibet
1064 4954 1215 5015 centena
1253 4943 1373 5012 stanni
1412 4952 1449 5010 et
1485 4942 1586 5029 cupri
1624 4941 1805 5009 venalium
1847 4961 1957 5011 vnum

449 5078 643 5161 denarium,
684 5080 730 5146 de
769 5080 1046 5169 quibuscumque
1079 5082 1317 5151 mercimoniis
1356 5089 1393 5148 et
1431 5080 1537 5147 rebus
1571 5078 1757 5146 venalibus
1792 5079 1953 5148 hicnon

1087 5216 1177 5271 ιη
1193 5217 1315 5287 quoium
