4975 6309
653 738 724 813 ωε
986 733 1084 825 oue
1108 674 1248 825 arms
1271 734 1370 827 neo
1394 737 1524 829 eoos
1547 739 1599 827 or
1630 736 1817 831 unitor

647 942 1059 1034 Regisvelbereduru
1096 948 1336 1017 suorumuel
1373 950 1968 1023 baliiuontmseuministrcrum
2007 975 2151 1024 sucrum

647 1092 709 1149 aut
743 1090 943 1151 noseorum
979 1102 1289 1171 quorumcumque,
1324 1086 1357 1154 si
1391 1106 1437 1153 ee
1465 1086 1504 1155 in
1532 1108 1642 1156 manu
1670 1110 1737 1157 sua
1764 1090 1969 1159 retinuisset
1995 1094 2054 1159 vel
2083 1112 2150 1161 nos

644 1238 689 1287 ee
716 1219 846 1287 virtute
874 1220 1140 1289 concessionum
1169 1221 1407 1308 predictamm
1433 1224 1585 1311 predicti
1612 1228 1895 1296 metuendissimi
1919 1228 2055 1296 domini
2078 1230 2150 1298 mei

644 1354 761 1445 Regu
788 1356 1069 1425 retinuissemun
1132 1356 1181 1425 Et
1213 1358 1328 1426 eciam
1363 1360 1460 1447 quod
1495 1360 1646 1448 predicti
1682 1362 1801 1431 Maior
1830 1372 1868 1431 et
1903 1363 2150 1435 Communites

640 1503 679 1560 et
707 1510 927 1562 successores
955 1494 1022 1575 sui,
1050 1494 1200 1563 durante
1227 1496 1305 1572 vita
1335 1506 1467 1581 nostra
1503 1499 1661 1567 habeant
1697 1510 1734 1568 et
1768 1510 1917 1569 teneam
1949 1502 2146 1589 predictam

640 1634 762 1701 viliam
805 1632 963 1703 Bristoli
1007 1652 1088 1703 cum
1130 1634 1310 1703 suburbiis
1358 1634 1528 1717 eiusdem,
1579 1635 1750 1720 dominia,
1801 1637 1971 1721 maneria,
2021 1648 2145 1720 terras,

639 1779 852 1852 tenernenta,
880 1770 961 1839 loca
988 1778 1026 1839 ei
1053 1770 1158 1839 feoda
1185 1770 1355 1857 predicta,
1384 1792 1524 1840 necnon
1552 1774 1674 1841 omnia
1703 1774 1779 1841 alia
1811 1775 1894 1842 loca
1926 1794 2147 1863 quecumque

639 1916 677 1975 et
704 1904 808 1975 feoda
843 1907 1003 1995 predicta
1038 1926 1120 1977 cum
1155 1905 1270 1977 feodis
1305 1908 1469 1991 miiitum,
1507 1908 1805 1979 adwmdonibus
1839 1912 2068 1980 ecclesiarum
2104 1932 2147 1979 sc

638 2040 847 2111 bencbesiia
896 2052 934 2111 et
983 2042 1209 2111 libertatibus
1260 2044 1395 2112 medem
1438 2044 1742 2131 qualitercumque
1783 2046 2027 2133 spectantibus
2069 2046 2147 2113 sire

637 2179 906 2265 pertinentibus,
935 2198 1088 2249 unacum
1119 2178 1262 2261 finibus,
1283 2180 1599 2269 redemptionibus,
1619 2182 1775 2249 exitibus
1795 2191 1833 2249 et
1851 2181 2144 2264 amerciamentis,

637 2318 778 2387 oenus
804 2318 1045 2407 ιιιιῳωωω
1072 2330 1110 2389 st
1138 2318 1378 2405 fauentum,
1407 2318 1569 2399 mess,
1597 2317 1838 2399 secunus,
1874 2318 2071 2385 amanen
2105 2326 2143 2385 et
2282 2359 2287 2374 .
2417 2267 2418 2358 ?

637 2456 802 2523 omnibus
839 2456 921 2523 aliis
959 2454 1126 2542 proficuis
1165 2456 1445 2543 quibuscumque
1479 2454 1573 2523 inira
1610 2454 1830 2542 procinctum
1864 2454 1951 2521 ville
1985 2454 2142 2541 predicte

637 2590 818 2660 Bristollie
849 2602 889 2659 vt
922 2592 1119 2679 predictum
1147 2601 1213 2675 est,
1243 2612 1286 2659 ac
1313 2593 1360 2660 de
1387 2593 1553 2661 omnibus
1584 2591 1667 2660 aliis
1698 2594 1805 2659 rebus
1835 2601 1911 2659 tem
1941 2589 2073 2658 finibus
2104 2603 2142 2659 et

638 2726 921 2795 amerciementis
940 2728 986 2795 de
1007 2726 1112 2795 viridi
1130 2734 1168 2795 et
1186 2728 1381 2795 senecione
1397 2725 1490 2794 inira
1504 2727 1672 2797 forestam
1689 2738 1727 2794 et
1742 2738 1845 2795 extra
1857 2746 1906 2794 ex
1921 2746 2142 2813 quecumque

638 2882 747 2931 causa
766 2882 885 2931 coram
907 2862 1186 2951 quibuscumque
1205 2863 1418 2949 Justiciuriis
1437 2864 1588 2951 predicti
1612 2863 1893 2932 metuendissimi
1915 2862 2050 2931 domini
2071 2864 2142 2931 mei

637 2996 754 3085 Regis
775 3007 811 3065 et
831 2998 999 3065 heredum
1021 3018 1164 3067 suorum
1186 3020 1250 3067 seu
1270 2999 1454 3085 ministris,
1468 3000 1745 3081 vicecomitibus,
1761 3000 1976 3081 senescallis,
1998 2999 2142 3067 ballivis

547 3188 554 3203 .
636 3145 699 3203 aut
727 3134 808 3201 aliis
843 3135 1016 3205 ministris
1054 3136 1333 3225 quibuscumque
1369 3137 1408 3205 in
1447 3137 1522 3207 suis
1566 3138 1786 3205 cessionibus
1826 3137 2038 3205 adiudicatis
2076 3158 2140 3205 seu

635 3268 902 3346 adiudicandisr
939 3268 1094 3337 aceciern
1123 3272 1245 3339 omnia
1272 3270 1430 3360 proficua
1456 3283 1494 3342 et
1521 3274 1759 3342 emolumenta
1779 3272 1913 3343 eisdem
1934 3274 2139 3341 tenentibus

633 3419 670 3474 et
697 3406 944 3487 residentibus,
973 3416 1048 3475 tam
1078 3408 1125 3475 de
1152 3408 1343 3495 punitione
1370 3411 1416 3478 de
1444 3410 1536 3479 falso
1563 3412 1693 3480 iudicio
1721 3412 1761 3479 in
1789 3431 2010 3499 quacumque
2031 3411 2138 3480 Curia

631 3543 769 3613 reddito
797 3562 904 3631 quam
933 3543 971 3610 iu
1009 3562 1230 3632 quacumque
1266 3544 1375 3613 Curia
1413 3548 1598 3615 adnullato
1625 3566 1690 3613 seu
1723 3545 1962 3623 ednulland03
1999 3566 2138 3613 necnon

631 3681 752 3749 omnia
780 3681 852 3747 alia
879 3676 1047 3767 proficue,
1072 3680 1260 3748 thesauros
1281 3682 1445 3750 inventos
1464 3694 1502 3750 et
1525 3684 1765 3751 emolumenta
1788 3701 2009 3770 quocumque
2031 3684 2138 3750 modo

628 3818 797 3885 eveniunt
833 3828 909 3883 tam
951 3816 998 3883 de
1036 3815 1189 3899 forestis,
1227 3820 1355 3905 parcis,
1393 3820 1523 3897 boscis,
1562 3819 1718 3902 circeis,
1755 3818 1942 3899 warennis,
1986 3818 2137 3906 stagnis,

628 3953 785 4035 vivariis,
814 3953 992 4035 marescis,
1024 3954 1144 4035 moris,
1173 3954 1329 4036 mineris,
1357 3956 1496 4023 wreoko
1521 3955 1641 4036 maris,
1669 3956 1834 4025 videlicet
1857 3954 1996 4023 wrecko
2024 3954 2138 4043 regali

628 4090 739 4157 etde
768 4109 989 4178 quacumque
1017 4088 1091 4156 elia
1119 4108 1159 4155 re
1186 4108 1408 4179 quocumque
1436 4092 1544 4159 ruodo
1570 4090 1675 4158 fuerit
1710 4110 1819 4177 quam
1857 4088 2137 4174 quibuscumque

629 4224 711 4291 eliis
738 4225 844 4292 rebus
872 4244 942 4311 que
963 4224 1055 4293 inira
1079 4224 1201 4293 villum
1222 4225 1418 4313 predictam
1441 4228 1609 4310 Bristoll,
1631 4227 1800 4310 dominia,
1819 4226 1988 4306 mannia,
2011 4236 2135 4307 terras,

629 4369 843 4439 mnementa,
860 4362 940 4429 loca
960 4371 998 4429 et
1018 4360 1124 4429 feoda
1144 4362 1307 4449 predicta
1326 4362 1417 4431 ini'ra
1438 4364 1658 4449 procinctum
1679 4364 1837 4431 eiusdem
1858 4363 1943 4429 ville
1964 4362 2134 4441 BristoIL,

628 4504 669 4563 ut
696 4497 892 4583 predictum
927 4508 993 4581 est,
1018 4499 1177 4567 accidere
1211 4511 1379 4586 poterunt
1413 4500 1646 4588 quovismodo
1681 4500 1771 4569 adeo
1802 4499 1943 4587 integre
1978 4498 2071 4566 sicut
2098 4498 2137 4566 in

628 4632 793 4701 manibus
833 4634 983 4721 predicti
1023 4636 1307 4706 metuendissimi
1348 4638 1485 4707 domini
1525 4638 1597 4705 mei
1643 4637 1758 4726 Regis
1798 4634 1960 4718 fuissem,
2011 4635 2134 4722 aliqua

626 4769 862 4857 prerogativa,
891 4772 1080 4861 privilegio
1108 4792 1172 4844 seu
1198 4774 1400 4845 banchesia
1428 4794 1503 4843 non
1525 4776 1702 4856 obstante,
1732 4784 1838 4863 prout
1865 4774 1905 4841 in
1932 4774 2062 4842 litteris
2089 4774 2136 4841 de

626 4904 850 4975 libertatibus
878 4919 915 4975 et
942 4909 1141 4999 privilegiis
1168 4911 1337 4998 predictis
1365 4912 1470 4981 nobis
1496 4932 1562 5000 per
1588 4911 1785 4999 predictum
1807 4910 2135 4979 metuendissimum

627 5042 808 5113 domiuum
836 5064 954 5113 meum
979 5044 1120 5136 Regem
1155 5050 1335 5117 concessis
1365 5048 1507 5137 plenius
1540 5048 1751 5132 continetur,
1787 5047 1914 5117 Castro
1954 5045 2135 5115 Bristoiiie
