4975 6309
762 776 859 867 doe
882 776 1020 867 little
1044 777 1142 868 rtet
1167 778 1295 868 Boot
1321 778 1371 866 ot
1401 777 1590 869 aristot
1858 801 1925 874 137

423 1011 471 1057 ex
498 999 600 1077 parte
626 1009 710 1072 una,
735 1010 842 1076 quam
867 1009 914 1057 ex
942 1009 1089 1058 assensu
1118 992 1215 1059 Petri
1243 986 1390 1072 Thome,
1420 991 1552 1059 Prioris
1580 990 1727 1057 fratrum
1756 989 1927 1056 Carmeli·

422 1135 549 1206 tarum,
571 1127 740 1211 Bristoll.,
762 1135 800 1194 et
820 1126 977 1194 eiusdem
1005 1128 1075 1196 loci
1103 1127 1307 1196 Conventus
1336 1148 1383 1194 ex
1411 1129 1533 1208 altera,
1559 1145 1665 1212 super
1692 1125 1869 1192 demanda
1890 1137 1927 1193 et

423 1264 558 1330 clameo
578 1263 655 1350 xiiij
681 1264 813 1350 pedum
841 1273 879 1330 et
906 1264 1045 1331 dimidii
1068 1273 1160 1332 terre
1189 1265 1227 1331 in
1256 1263 1479 1349 longitudine
1508 1273 1546 1329 et
1572 1261 1736 1328 undecim
1757 1261 1925 1347 pollicum

421 1409 514 1464 terre
547 1419 659 1485 prope
693 1400 879 1468 ecclesiam
915 1399 1062 1466 fratrum
1095 1400 1331 1485 predictorum
1371 1399 1410 1466 in
1454 1398 1621 1465 suburbio
1664 1397 1845 1466 Bristoliie
1887 1400 1925 1465 in

418 1545 521 1619 parte
549 1535 715 1611 australi;
759 1555 866 1622 quam
902 1535 1044 1622 quidem
1072 1547 1202 1604 terram
1231 1535 1409 1621 predictus
1438 1533 1540 1600 Prior
1575 1543 1611 1601 st
1647 1533 1839 1601 confratres
1868 1535 1925 1602 sui

419 1690 484 1755 pro
512 1671 601 1757 ipsis
629 1679 665 1737 et
701 1671 960 1738 successoribus
996 1672 1069 1738 suis
1105 1673 1251 1738 omnino
1287 1671 1590 1752 renunciaverunt,
1627 1670 1747 1756 aliqua
1782 1690 1924 1738 conces·

420 1806 520 1872 sione
547 1825 612 1890 per
640 1805 813 1890 prefatum
843 1805 1041 1873 Robertrrm
1070 1807 1274 1890 Dudbroke,
1301 1827 1413 1894 nuper
1437 1807 1606 1873 maiorem
1627 1807 1712 1874 ville
1732 1806 1924 1888 Bristollie,

420 1941 553 2007 eisdem
581 1943 696 2008 Priori
724 1953 761 2009 et
793 1942 1027 2009 confratribus
1058 1944 1148 2010 alias
1175 1943 1271 2011 facta
1292 1963 1364 2010 non
1387 1945 1561 2012 obstante.
1606 1943 1664 2010 Ita
1692 1943 1787 2028 quod
1809 1942 1925 2010 Maior

418 2077 504 2144 ville
537 2079 694 2164 predicte
729 2079 791 2164 qui
826 2097 892 2163 pro
928 2088 1086 2165 tempore
1121 2079 1225 2148 fuerit
1263 2100 1305 2146 ac
1342 2082 1537 2164 burgenses
1573 2079 1658 2146 ville
1692 2079 1848 2164 predicte
1888 2091 1925 2146 et

420 2233 638 2282 successores
665 2215 722 2282 sui
744 2218 900 2284 habeant
927 2227 964 2284 et
991 2226 1137 2285 teneant
1165 2226 1295 2282 terram
1332 2217 1526 2302 predictam
1563 2213 1718 2302 pacifice,
1748 2215 1859 2282 libere
1887 2227 1924 2282 et
2014 2179 2017 2186 ’

419 2350 536 2436 quiete
572 2360 613 2416 ut
649 2361 779 2418 terram
816 2371 918 2419 suam
957 2351 1136 2464 propriam
1176 2351 1214 2417 in
1254 2351 1331 2417 iure
1372 2370 1436 2417 suo
1472 2351 1615 2436 proprio
1652 2351 1921 2436 imperpetuum,

418 2487 552 2571 absque
580 2481 700 2573 aliqua
728 2487 906 2554 calumnia
932 2507 997 2573 per
1024 2487 1219 2572 predictum
1249 2485 1406 2553 Priorem
1435 2495 1471 2552 et
1500 2485 1691 2554 confratres
1720 2496 1756 2553 et
1782 2507 1919 2556 succos·

420 2639 518 2688 sores
545 2642 630 2688 suos
657 2621 741 2689 inde
765 2621 928 2690 wanda
956 2623 994 2688 in
1024 2621 1177 2690 futurum
1207 2631 1275 2689 etc.

549 2899 683 2967 Names
711 2899 753 2967 of
776 2902 838 2970 the
865 2900 1044 2986 sorry-two
1077 2899 1172 2984 good
1208 2891 1290 2964 rnen
1323 2897 1457 2964 elected
1493 2897 1542 2982 by
1577 2896 1639 2962 the
1675 2893 1923 2982 Commonalty

419 3034 460 3100 of
481 3035 543 3102 the
570 3045 665 3102 town
693 3035 736 3102 of
758 3035 904 3103 Bristoll
932 3035 987 3101 for
1013 3035 1075 3102 the
1103 3043 1336 3120 governrnent
1364 3033 1406 3100 of
1432 3034 1492 3100 the
1522 3051 1621 3099 samo
1650 3042 1756 3115 town,
1787 3032 1826 3098 in
1860 3034 1922 3100 the

418 3172 504 3238 time
541 3171 582 3236 of
611 3171 706 3254 John
742 3171 871 3258 Droys,
908 3169 1046 3258 Mayor,
1081 3170 1202 3256 James
1238 3170 1388 3250 Cokkes,
1420 3167 1555 3236 Sheriff
1578 3167 1619 3234 of
1642 3169 1703 3234 the
1738 3178 1845 3246 town,
1883 3169 1921 3235 in

417 3307 479 3372 the
506 3306 669 3374 elevemh
696 3326 783 3394 year
810 3305 852 3372 of
873 3307 936 3374 the
962 3305 1066 3394 reign
1094 3308 1136 3374 of
1158 3307 1264 3393 King
1292 3305 1418 3392 Henry
1447 3305 1510 3372 1v.
1541 3304 1631 3371 after
1662 3304 1723 3370 the
1751 3315 1921 3390 conquest

417 3437 621 3532 [¹409·¹0]·¹

419 3576 514 3662 John
538 3578 667 3665 Droys,
696 3578 834 3666 Mayor.
1215 3578 1310 3662 John
1341 3576 1572 3645 Seliewodde.

416 3713 536 3795 James
564 3714 714 3796 Coklres,
745 3713 884 3782 Sheriff.
1217 3713 1356 3780 Robsrt
1384 3713 1582 3798 Barstaple.

416 3848 512 3932 John
540 3851 738 3935 Barstaple.
1214 3849 1308 3932 John
1338 3849 1537 3936 Leycestre.

417 3985 578 4054 erliam
606 3987 744 4054 Frome.
1214 3986 1310 4069 John
1335 3984 1485 4070 Sharpe.

415 4119 510 4204 John
538 4121 747 4206 Stephanes.
1213 4122 1309 4204 John
1339 4118 1473 4207 Spyne.

414 4258 571 4325 Thomas
604 4258 768 4326 Blounte.
1213 4257 1334 4323 David
1362 4256 1611 4323 Duddobroke

415 4393 510 4476 John
538 4394 692 4460 Fissher.
951 4480 954 4488 .
1212 4393 1308 4475 John
1341 4391 1480 4458 Sutton.

415 4530 571 4596 Thomas
599 4530 746 4597 Norton.
1213 4493 1375 4597 Wiiliarn
1407 4531 1572 4616 Beueley.

411 4667 505 4748 John
530 4666 708 4732 Prishton.
1211 4665 1368 4731 Thomas
1397 4663 1587 4730 Saundres.

410 4802 506 4886 John
537 4801 742 4888 Haveryng.
1211 4799 1350 4866 Walter
1386 4799 1500 4864 Parle.

409 4939 505 5022 John
537 4934 634 5025 Sely.
1212 4935 1332 5002 David
1363 4933 1529 5000 Ruddok.

1017 5106 1309 5173 meramnum
