4975 6309
640 863 653 920 e
745 806 853 902 -dtc
875 807 1015 898 dttdc
1039 807 1137 898 lien
1161 807 1291 897 Boot
1317 805 1367 895 ot
1396 803 1586 896 Briarei.
1874 819 1925 912 ⁶9

418 1019 505 1100 Da
535 1021 996 1101 EXCEPCIONIBUS
1029 990 1254 1098 column
1297 1018 1510 1096 fassas
1539 1021 1628 1096 ET
1654 1021 1924 1118 JUR'ATOS.

550 1173 721 1241 Habeant
767 1183 889 1260 partes
934 1172 1149 1258 placitantes
1193 1190 1275 1238 cum
1329 1168 1550 1238 defenderint
1605 1171 1643 1238 in
1693 1171 1930 1257 inquisicione

419 1310 641 1396 calumpnias
677 1330 761 1377 suas
799 1319 924 1376 nonna
955 1311 1094 1396 juratos
1126 1328 1170 1376 ac
1199 1309 1231 1376 si
1260 1319 1379 1375 essent
1408 1311 1454 1375 ad
1483 1329 1705 1378 communem
1734 1312 1862 1399 legem,
1893 1322 1933 1380 et

418 1447 492 1514 sint
516 1466 624 1514 cause
647 1446 883 1514 racionabiles
903 1446 941 1512 in
963 1445 1166 1513 huiusmodi
1192 1444 1404 1530 calumpniis
1428 1445 1545 1514 dicere
1570 1448 1665 1533 quod
1691 1448 1775 1515 talis
1797 1447 1934 1517 iurator

417 1604 496 1653 esse
523 1605 597 1653 non
625 1586 731 1653 debet
759 1606 825 1673 pro
852 1586 1020 1670 eoquod
1054 1590 1111 1650 est
1146 1584 1191 1649 de
1223 1581 1543 1668 consanguinitate,
1579 1581 1760 1665 affinitate,
1790 1595 1929 1676 tenens,

418 1722 587 1801 seruiens,
613 1724 864 1801 submercator,
894 1717 1145 1806 apprenticius,
1175 1718 1221 1782 ad
1250 1717 1365 1814 feoda,
1395 1719 1441 1786 ad
1469 1720 1586 1798 rohas,
1617 1721 1730 1806 partis
1766 1723 1925 1802 aduerse,

417 1858 475 1925 vel
514 1858 610 1943 quod
649 1866 733 1924 sunt
772 1876 852 1924 cum
890 1875 962 1922 vno
998 1864 1036 1921 et
1068 1851 1194 1920 eodem
1227 1853 1384 1934 domino,
1422 1855 1479 1920 vel
1519 1854 1644 1922 ductor
1674 1865 1711 1922 et
1748 1867 1933 1941 promotor

417 1994 575 2062 eiusdem
603 1995 728 2080 placiti
755 2014 822 2080 pro
843 2002 945 2079 parte
969 2013 1072 2061 versa
1099 2013 1164 2081 per
1191 1993 1494 2080 conspiracionem
1523 2005 1741 2080 procuratus,
1770 1998 1827 2063 vel
1857 1997 1932 2064 alio

417 2132 524 2199 modo
547 2133 600 2198 ita
621 2133 689 2199 sub
714 2130 872 2198 dominio
894 2132 951 2198 vel
980 2131 1177 2218 domigerio
1205 2131 1319 2218 partis
1348 2130 1505 2198 existens
1534 2131 1631 2216 quod
1667 2152 1733 2200 nec
1764 2133 1842 2199 vult
1864 2153 1934 2200 nec

418 2270 525 2335 audet
548 2269 665 2336 dicere
688 2270 875 2337 veritatem
900 2278 938 2335 et
962 2268 1105 2350 similia,
1133 2279 1170 2336 et
1197 2267 1262 2335 fiat
1291 2267 1605 2336 attachiamentum
1635 2269 1727 2336 sicut
1755 2270 1803 2336 ad
1832 2289 1930 2336 com·

417 2427 561 2474 munem
585 2408 715 2494 legem.
773 2404 839 2474 Set
866 2407 970 2474 aliter
998 2414 1053 2473 est
1081 2407 1114 2472 si
1142 2415 1253 2474 testes
1289 2404 1476 2472 adduxerit
1511 2403 1596 2490 quia
1633 2415 1757 2474 contra
1793 2409 1929 2476 nullum

417 2553 545 2614 testem
570 2544 689 2630 excipi
712 2553 832 2636 potest
854 2561 921 2610 nec
949 2542 1075 2629 repelli
1113 2544 1229 2623 debet,
1259 2542 1344 2609 dum
1379 2542 1452 2608 siut
1491 2541 1594 2609 liberi
1632 2543 1795 2610 homines
1835 2545 1931 2612 bone

418 2682 523 2764 fame,
559 2690 597 2749 et
624 2681 695 2768 ipsi
722 2700 875 2748 vnacum
904 2699 1025 2748 eorum
1055 2675 1308 2747 adductoribus
1341 2675 1553 2746 sufficientes
1590 2681 1635 2746 ad
1672 2679 1929 2748 testimendum

419 2830 457 2888 et
492 2817 780 2887 satisfaciendum
817 2817 913 2904 parti
953 2825 1077 2884 contra
1116 2836 1222 2903 quem
1263 2825 1347 2883 sunt
1397 2816 1542 2883 adducti
1588 2817 1634 2882 de
1681 2817 1848 2904 dampnis
1895 2825 1936 2884 et

419 2956 587 3042 expensis
626 2955 658 3022 si
696 2954 921 3041 postmodum
961 2955 1008 3020 ad
1042 2953 1155 3040 ipsius
1191 2953 1478 3040 prosecucionem
1516 2951 1615 3039 ipsos
1654 2971 1733 3020 esse
1774 2954 1933 3040 periuros

322 3149 330 3164 .
421 3093 584 3161 conuinci
622 3093 819 3178 contingat,
856 3091 941 3158 licet
975 3089 1043 3158 fuit
1074 3098 1187 3177 pater,
1224 3089 1362 3170 fratres,
1400 3109 1536 3157 sorores
1571 3091 1629 3156 vel
1665 3088 1789 3157 affines
1822 3091 1936 3158 addu-

313 3319 318 3325 .
420 3229 544 3310 nentis,
565 3237 851 3316 quantocumque
881 3226 1038 3314 propius,
1060 3237 1097 3294 et
1127 3227 1180 3293 sic
1216 3228 1261 3293 de
1296 3225 1377 3294 aliis
1415 3225 1638 3312 calumpniis.
1693 3226 1743 3294 Et
1775 3227 1813 3293 in
1847 3247 1936 3296 casu

419 3386 500 3434 cum
525 3366 746 3434 adducantur
769 3363 972 3446 huiusmodi
1000 3371 1111 3430 testes
1138 3363 1223 3430 dum
1253 3381 1392 3448 semper
1421 3360 1494 3429 sint
1521 3362 1625 3430 liberi
1652 3370 1690 3430 et
1715 3365 1808 3430 bone
1837 3362 1935 3430 farne

420 3503 504 3571 licet
542 3522 617 3570 nen
649 3502 723 3569 sint
756 3498 970 3570 sufficientes
1002 3499 1041 3566 in
1083 3499 1198 3566 ferma
1233 3498 1403 3584 predicta,
1439 3499 1502 3566 sed
1536 3497 1627 3566 forte
1657 3498 1719 3566 ille
1747 3499 1809 3586 qui
1835 3499 1934 3585 ipsos

423 3640 567 3709 adducit
590 3650 647 3707 est
675 3640 722 3707 de
750 3658 790 3706 se
819 3637 900 3724 ipso
928 3634 1116 3717 sufficiens,
1145 3645 1183 3704 et
1210 3636 1409 3722 excipiatur
1440 3619 1564 3703 centra
1592 3636 1674 3703 illos
1702 3636 1797 3722 quod
1826 3644 1938 3702 testes

423 3795 502 3843 esse
534 3795 607 3842 non
636 3775 768 3842 debent
800 3793 866 3860 pro
900 3792 944 3840 eo
973 3772 1069 3858 quod
1097 3792 1170 3839 non
1199 3781 1283 3838 sunt
1316 3768 1528 3838 sufficientes
1564 3771 1611 3837 ad
1647 3769 1936 3838 satisfaciendum

423 3913 517 3999 parti
538 3911 571 3980 si
594 3915 641 3979 ad
660 3911 738 3979 eius
758 3909 1045 3998 prosecucionem
1066 3917 1106 3975 vt
1126 3907 1324 3993 predictum
1346 3915 1402 3975 est
1424 3907 1689 3988 conuincantur,
1710 3907 1936 3994 postmodum

424 4051 462 4118 in
492 4052 556 4119 illo
588 4049 792 4118 testimonio
823 4046 956 4135 periuri
986 4055 1023 4113 et
1058 4064 1143 4131 pars
1177 4043 1240 4129 qui
1270 4043 1353 4110 illos
1381 4052 1466 4109 tunc
1495 4041 1640 4110 adducit
1668 4041 1815 4128 replicet
1839 4041 1938 4128 quod

423 4188 502 4274 ipse
523 4189 602 4255 loco
628 4183 880 4253 insufficieneie
900 4182 1092 4248 eorundem
1113 4175 1367 4246 testimonium¹
1394 4175 1463 4264 (sic)
1486 4184 1658 4261 quantum
1677 4177 1724 4242 ad
1745 4177 1841 4242 bona
1858 4176 1937 4242 vult

424 4323 593 4391 inuenire
608 4321 833 4389 securitatem
855 4317 961 4386 Curis
980 4336 1047 4404 pro
1069 4315 1203 4384 eisdem
1225 4315 1258 4381 si
1281 4313 1537 4382 conuincantur
1559 4310 1785 4398 postmodum
1807 4310 1936 4378 admit·

425 4472 520 4530 tatur
539 4460 604 4527 nu
624 4456 796 4526 securitas
816 4465 854 4524 ot
874 4413 1087 4533 ammae,
1109 4463 1146 4520 et
1168 4451 1402 4519 mereantur
1422 4449 1476 4516 uu
1497 4457 1607 4516 testes
1624 4467 1688 4534 per
1709 4446 1935 4514 nonnum

424 4597 619 4683 predictam
647 4592 902 4662 insufficienda
928 4589 1151 4679 propriorum
1179 4591 1353 4656 bonorum
1383 4606 1526 4654 suorum
1555 4604 1627 4652 non
1656 4585 1833 4652 obstante.
1887 4583 1938 4652 Et

425 4734 617 4802 secundum
651 4731 747 4819 quod
780 4729 1009 4818 probauerint
1043 4736 1212 4814 sequatur
1243 4709 1296 4793 et¹
1324 4733 1520 4810 exequatur
1558 4720 1708 4790 indilate
1750 4720 1932 4788 iudicium.

423 4868 542 4937 Causa
569 4887 680 4954 quare
707 4867 775 4935 sub
803 4865 912 4934 variis
939 4863 1064 4932 formis
1091 4865 1221 4932 dantur
1250 4861 1451 4948 calumpnie
1480 4859 1694 4928 iuratoribus
1707 4868 1754 4934 ¹et
1783 4857 1940 4926 testibus

424 5006 565 5094 plenius
592 5015 693 5093 patet
720 5013 814 5092 post,
842 5001 999 5089 capitulo
1028 4999 1095 5069 xx⁰
1123 4997 1164 5066 de
1191 4997 1350 5104 alicnati.

1105 5170 1286 5238 medune).
