4975 6309
708 766 805 859 libe
829 764 1089 858 littlctteb
1118 766 1247 857 uoci
1271 766 1322 856 ot
1352 766 1538 858 §duel
1806 774 1873 845 161

370 980 646 1065 redemptiones,
698 978 815 1047 exitus
857 979 1066 1062 brisiactos,
1111 980 1394 1059 amerciamanta,
1439 978 1679 1047 forisfacturas
1730 987 1768 1045 at
1803 979 1878 1045 alia

370 1116 527 1203 proficua
561 1118 722 1205 predicta
757 1119 803 1185 de
839 1117 911 1185 illis
947 1118 1009 1204 qui
1044 1137 1116 1185 non
1151 1117 1282 1185 fuerint
1317 1117 1362 1182 de
1393 1126 1431 1183 et
1460 1114 1499 1183 in
1529 1117 1665 1196 castris,
1697 1114 1875 1195 dominiis,

370 1254 548 1334 mmeriis,
577 1253 682 1332 villis,
712 1254 826 1333 terris,
857 1255 1078 1333 tenementis,
1107 1254 1195 1321 locis
1224 1262 1261 1320 et
1288 1252 1402 1321 feodis
1428 1252 1596 1339 predictis
1623 1252 1818 1319 babeamus
1838 1261 1878 1319 et

369 1390 605 1476 percipiamus
638 1390 686 1457 ad
718 1390 932 1457 scaccarium
970 1389 1055 1455 dicti
1092 1388 1372 1457 metuendissimi
1408 1388 1544 1456 domini
1580 1387 1651 1454 mei
1686 1386 1803 1475 Regis
1837 1394 1877 1453 et

369 1484 536 1593 heredum
565 1546 708 1593 suorum
735 1544 800 1612 per
835 1544 962 1593 manus
996 1525 1241 1593 vicecomitum
1278 1534 1316 1592 et
1349 1524 1561 1592 ballivorum
1596 1524 1799 1591 libertatum
1835 1522 1876 1591 in

370 1683 517 1748 quonum
546 1663 690 1731 ballivis
717 1660 847 1728 iirerint
876 1660 968 1729 sicut
995 1662 1174 1747 predictus
1206 1660 1372 1727 domiuus
1399 1678 1499 1727 meus
1534 1658 1620 1727 Rex
1653 1668 1691 1726 at
1725 1660 1878 1728 heredes

366 1800 425 1865 sui
447 1818 492 1865 aa
515 1800 747 1884 perciperent,
770 1796 803 1865 si
825 1798 873 1863 ad
898 1796 1015 1883 ipsum
1040 1796 1368 1863 metuendissimum
1389 1796 1571 1863 dominum
1593 1816 1711 1863 meum
1733 1796 1874 1885 Regem

369 1935 427 2001 vel
454 1935 602 2003 heredes
630 1954 713 2002 suos
745 1933 972 2021 pertinerent,
1009 1932 1086 2000 sine
1121 1932 1307 2000 occasione
1341 1934 1399 2000 val
1435 1932 1688 2018 impedimento
1723 1934 1877 2021 predicti

368 2070 649 2137 metuendissimi
677 2069 812 2137 domini
840 2070 911 2137 mei
940 2068 1057 2156 Regis
1089 2070 1147 2135 vel
1182 2068 1351 2135 heredum
1388 2088 1531 2135 suorum
1566 2069 1624 2136 vel
1659 2070 1873 2137 ballivorum

367 2224 431 2273 seu
452 2206 693 2273 ministrorum
716 2224 859 2272 sucrum
885 2224 1193 2292 quorumcumque.
1252 2204 1302 2271 Et
1330 2204 1444 2271 eciam
1467 2204 1562 2291 quod
1588 2224 1655 2271 nos
1678 2205 1875 2273 babeamus

367 2352 404 2409 at
439 2351 623 2410 teneamus
657 2352 784 2423 castra,
821 2342 990 2424 dominis,
1025 2342 1193 2424 maneria,
1226 2341 1342 2423 villas,
1378 2352 1502 2429 terras,
1537 2348 1752 2424 tenementa,
1781 2342 1871 2426 loca,

367 2487 405 2547 et
435 2478 539 2547 feoda
573 2478 733 2565 predicta
770 2498 850 2545 cum
885 2478 999 2546 feodis
1034 2478 1204 2557 militum,
1233 2471 1529 2545 advocationibus
1563 2478 1790 2545 ecclesiarum
1829 2499 1873 2547 ac

365 2614 575 2683 irancbeslis
625 2624 662 2681 et
713 2614 937 2683 libertatibus
987 2615 1121 2681 eisdem
1165 2612 1465 2701 qualitercumque
1508 2614 1751 2699 spectantibus
1794 2615 1870 2685 sive

367 2750 625 2835 pertinentibus
652 2770 804 2818 unacum
836 2749 976 2833 finibus,
1013 2752 1344 2839 redempciouibus,¹
1367 2752 1532 2835 exitibus,
1576 2756 1872 2838 amerciamentis,

368 2886 507 2953 catallis
536 2888 786 2974 utlagatorum,
817 2888 977 2969 escaatis,
1010 2876 1251 2970 forisfacturis,
1287 2888 1483 2955 deodandis
1517 2896 1555 2955 et
1590 2890 1755 2958 omnibus
1791 2892 1875 2958 aliis

368 3022 533 3109 proficuis
560 3033 598 3091 et
625 3024 872 3091 emolumentis
907 3024 952 3091 de
988 3024 1151 3091 omnibus
1195 3024 1409 3104 tenentibus,
1449 3024 1686 3092 residentibus
1724 3035 1762 3093 et
1799 3046 1872 3094 uon

367 3158 613 3238 residentibus,
642 3167 679 3225 et
707 3140 781 3224 tem
810 3159 855 3225 de
883 3176 956 3225 non
984 3157 1134 3245 integris
1162 3159 1365 3225 tenentibus
1393 3177 1500 3245 quam
1533 3158 1692 3245 integris,
1725 3169 1763 3227 at
1791 3161 1873 3227 eliis

366 3294 528 3381 personis
570 3295 848 3381 quibuscumque
890 3314 933 3361 ac
975 3294 1021 3361 de
1063 3281 1230 3361 omnibus
1271 3294 1353 3361 allis
1394 3296 1501 3361 rebus
1542 3303 1617 3362 tam
1659 3294 1791 3364 linibus
1833 3307 1874 3365 et

366 3408 648 3499 amarciamentis
691 3431 736 3497 da
778 3431 883 3497 viridi
926 3439 963 3497 et
1000 3430 1197 3498 venemens
1241 3428 1333 3497 inira
1374 3430 1542 3499 mtam
1584 3443 1622 3498 et
1672 3442 1775 3499 extra
1824 3453 1874 3500 ex

365 3584 586 3652 quacumque
607 3585 715 3633 causa
734 3585 853 3633 coram
874 3566 1152 3652 quibuscumque
1174 3565 1386 3648 Justiciariis
1408 3567 1483 3635 suis
1507 3588 1571 3635 seu
1594 3568 1765 3635 ministris
1785 3571 1869 3652 suis,

364 3703 638 3783 vicecomitibus,
668 3703 884 3782 senescallis,
922 3702 1063 3769 ballivis
1099 3712 1161 3769 aut
1192 3704 1274 3769 aliis
1309 3704 1481 3772 ministris
1516 3704 1796 3792 quibuscumque
1831 3709 1871 3774 in

365 3838 438 3905 suis
466 3838 686 3907 cessionibus
715 3840 926 3927 adjudicatis
962 3860 1025 3911 seu
1061 3842 1324 3928 adjudicandis3
1369 3845 1524 3913 acaciam
1560 3846 1682 3915 omnia
1713 3846 1871 3935 prolicua

363 3984 400 4042 et
427 3975 667 4043 emolumenta
694 3975 740 4043 de
768 3976 902 4044 eisdem
931 3978 1133 4045 tenentibus
1160 3990 1198 4047 et
1225 3980 1463 4048 residentibus
1490 3990 1566 4049 tam
1598 3982 1645 4049 de
1679 3984 1871 4069 punicione

362 4110 407 4177 de
435 4111 527 4177 falso
555 4109 684 4178 iudicio
710 4110 748 4177 in
773 4130 993 4199 quacumque
1017 4112 1115 4179 curia
1137 4114 1286 4194 reddito,
1317 4136 1424 4202 quarn
1453 4115 1491 4181 in
1520 4136 1742 4203 quacumque
1770 4120 1872 4187 curia

362 4248 547 4313 adnullato
568 4266 632 4314 seu
653 4248 881 4329 adnullando,
903 4268 1041 4317 necnon
1064 4250 1185 4316 omnia
1208 4252 1281 4318 alia
1302 4250 1470 4338 proficua,
1493 4253 1680 4322 thesauros
1702 4254 1869 4325 inventos

361 4391 398 4449 et
420 4385 660 4450 emolumenta
684 4402 904 4470 quocumque
926 4386 1030 4453 modo
1052 4385 1229 4467 eveniunt,
1251 4397 1326 4454 tam
1347 4389 1393 4454 de
1413 4387 1564 4471 forestis,
1585 4390 1715 4476 parcis,
1738 4393 1866 4475 boscis,

362 4518 512 4601 abaceis,
549 4522 735 4603 crumenis,
774 4523 923 4610 stagnis,
961 4524 1117 4605 vivariis,
1157 4526 1334 4608 mmescis,
1371 4528 1490 4607 moris,
1531 4528 1687 4613 mineris,
1727 4532 1865 4600 wracko

361 4656 480 4737 maris,
519 4658 682 4727 videlicet
720 4660 857 4728 wraclrc
892 4661 1017 4749 regali,
1054 4671 1090 4729 et
1125 4663 1171 4730 de
1206 4684 1426 4752 quacumque
1462 4665 1535 4732 alia
1569 4686 1608 4733 re
1644 4686 1867 4754 quocumque

361 4799 467 4865 modo
501 4796 607 4866 fuerit
649 4820 756 4888 quam
792 4802 1004 4889 quibusdam
1041 4804 1122 4871 aliis
1156 4806 1263 4871 rebus
1297 4826 1367 4892 qua
1403 4806 1496 4875 inira
1530 4816 1658 4889 castra,
1694 4808 1865 4889 dominia,

361 4935 530 5017 maneria,
551 4936 666 5015 villas,
682 4948 805 5020 terras,
827 4949 1040 5021 tenemento,
1062 4942 1142 5008 loca
1162 4950 1199 5007 et
1219 4940 1324 5009 feoda
1344 4944 1504 5028 predicta
1524 4944 1683 5011 accidere
1699 4955 1867 5030 poterunt

360 5072 601 5161 quovismodo,
639 5076 729 5143 adeo
770 5076 908 5163 integre
954 5076 1046 5145 sicut
1092 5078 1130 5144 iu
1177 5079 1343 5146 manibus
1388 5080 1538 5166 predicti
1583 5080 1865 5149 memandissimi

796 5228 797 5233 =
1745 5208 1778 5259 u
