4975 6309
591 780 660 855 182
923 770 1020 865 (ihc
1044 774 1183 865 little
1206 773 1305 865 lieo
1329 776 1459 868 Boot
1482 774 1535 867 ot
1562 776 1750 869 amor

588 986 675 1054 viiie
701 985 883 1055 Brietoilie
912 987 950 1055 in
977 988 1086 1075 pleno
1114 989 1299 1059 hundredo
1326 990 1458 1059 ibidem
1487 1000 1598 1075 tanto,
1622 1010 1742 1061 coram
1765 990 1930 1077 Johanne
1954 990 2090 1081 Spyne,

586 1133 671 1192 tunc
698 1122 836 1211 Majore
863 1124 949 1192 oilie
976 1122 1168 1207 Bristoliie,
1204 1126 1304 1194 venit
1337 1124 1520 1211 Iohannes
1551 1126 1682 1210 Brook‚
1720 1138 1894 1197 mercator
1930 1128 2090 1215 ejusdem

583 1260 682 1341 'vine
708 1258 770 1345 qui
798 1258 1020 1345 disponseuit
1046 1259 1249 1344 Johannam
1282 1280 1395 1348 nuper
1417 1280 1563 1329 vxorem
1590 1259 1766 1346 Iohannis
1793 1262 1900 1331 Frere
1927 1261 2088 1343 senioris,

589 1414 703 1481 now
737 1395 927 1483 burgensis
961 1396 1046 1463 viiie
1080 1396 1248 1485 predicte,
1284 1408 1322 1465 et
1358 1398 1565 1487 recognocit
1600 1418 1641 1467 se
1674 1398 1850 1487 recepisse
1891 1398 2089 1467 custodiam

586 1548 773 1617 corporum
809 1527 974 1614 Johanne
1012 1528 1085 1599 filie
1125 1532 1285 1618 eiusdem
1320 1531 1496 1618 Iohannis
1539 1533 1648 1601 Frere
1692 1535 1844 1603 senioris
1885 1537 1993 1603 etatis
2026 1557 2087 1603 xv.

586 1684 770 1747 annorum,
791 1665 926 1734 Thome
954 1664 1020 1735 filii
1048 1668 1205 1755 ejusdem
1226 1668 1401 1753 Johannis
1421 1670 1528 1738 Frere
1549 1670 1698 1739 senioris
1717 1670 1825 1739 etatis
1844 1692 1879 1739 v.
1901 1690 2086 1752 annorum,

581 1802 759 1888 Johennis
786 1800 853 1871 iiiii
880 1803 1040 1889 ejusdem
1065 1805 1240 1890 Johannis
1268 1806 1376 1874 Frere
1404 1808 1555 1876 senioris
1589 1808 1697 1875 etatis
1732 1808 1812 1895 iiij«
1843 1828 2017 1877 annorum
2051 1822 2090 1877 et

588 1940 737 2009 Ricardi
764 1940 830 2009 iiiii
858 1944 1016 2031 ejusdem
1043 1943 1217 2027 Johannis
1245 1944 1354 2011 Frere
1388 1943 1542 2013 senioris
1573 1944 1681 2013 etatis
1717 1944 1866 2013 duorum
1903 1966 2088 2027 morum,

581 2098 735 2147 unacum
773 2080 956 2167 octoginta
995 2078 1097 2147 libris
1128 2080 1167 2146 in
1201 2078 1353 2167 pectinis
1387 2089 1573 2148 numerate
1599 2100 1664 2168 per
1690 2080 1865 2167 Maiorem
1893 2091 1931 2149 et
1957 2082 2089 2167 probos

580 2214 745 2285 homines
757 2216 844 2285 ville
855 2217 1013 2304 predicte
1031 2218 1077 2283 de
1093 2216 1198 2285 honis
1219 2229 1256 2284 et
1277 2216 1418 2285 catallis
1437 2216 1596 2303 ejusdem
1615 2216 1791 2303 Iohannis
1811 2218 1919 2285 Frere
1938 2219 2088 2287 senioris

583 2352 621 2419 in
641 2361 855 2419 cestemento
883 2372 948 2421 suo
976 2351 1123 2439 prefatis
1149 2351 1324 2436 Johanne,
1350 2350 1496 2434 Thmne,
1524 2351 1681 2438 Johanni
1702 2363 1739 2420 et
1767 2353 1936 2435 Ricardo,
1964 2354 2087 2423 liberis

583 2490 668 2571 suis,
699 2488 892 2577 assignatis
919 2500 956 2559 et
980 2490 1152 2560 ordinatis
1177 2490 1224 2557 ed
1250 2509 1313 2559 eas
1340 2492 1453 2573 seluo,
1477 2490 1524 2557 ed
1545 2511 1635 2579 opus
1656 2492 1892 2581 predictorum
1912 2492 2085 2577 Johanno,

581 2626 729 2708 Thmoo,
757 2624 933 2711 Iohannis
960 2636 998 2693 at
1025 2626 1174 2694 Ricardi
1201 2626 1392 2695 liberorum
1427 2646 1581 2706 snorum,
1617 2626 1868 2695 custodiendas
1902 2646 2086 2714 quousque

586 2764 633 2829 ad
668 2764 813 2849 plenam
850 2772 981 2831 etatem
1020 2782 1121 2831 suam
1160 2764 1386 2849 pentenerint
1422 2773 1461 2831 et
1498 2784 1562 2831 eas
1589 2764 1792 2831 liberandae
1818 2773 1857 2831 et
1885 2763 2086 2844 soluendae,

580 2898 749 2969 videlicet
775 2898 921 2967 cuilibet
945 2918 1066 2967 eorum
1094 2900 1298 2986 porcionem
1328 2920 1430 2967 suem
1457 2918 1538 3003 cum
1568 2900 1616 2967 ad
1639 2900 1783 2987 pionem
1817 2910 1951 2968 etatem
1986 2918 2088 2967 suam

580 3035 792 3123 peruenerit,
827 3036 886 3103 vei
918 3036 1058 3103 interim
1090 3036 1185 3105 dicte
1213 3036 1377 3121 Johanne
1403 3034 1477 3105 iiiie
1500 3046 1638 3125 partem
1666 3056 1768 3106 snam
1795 3036 1829 3104 si
1860 3038 1976 3123 ipsam
2004 3054 2088 3102 oon·

583 3175 702 3262 tingat
728 3172 887 3241 maritari
915 3174 972 3241 vei
1001 3172 1248 3242 executoribus
1274 3176 1350 3242 suis
1377 3174 1409 3243 si
1435 3176 1480 3242 de
1507 3194 1553 3243 ea
1572 3174 1759 3263 contingat
1778 3173 1995 3241 humanitus
2038 3172 2088 3241 Et

566 3308 615 3377 -si
643 3308 772 3394 aliquis
800 3326 920 3375 eorum
949 3308 1041 3375 inira
1068 3309 1211 3396 plenem
1240 3320 1372 3377 etatem
1400 3330 1502 3377 sunm
1530 3308 1659 3377 obierit
1685 3310 1743 3377 vel
1763 3308 1902 3397 prefata
1920 3308 2087 3393 Johanne

583 3444 712 3515 obierit
740 3454 930 3533 antequam
958 3445 1125 3513 maritata
1152 3444 1258 3514 fuerit
1285 3457 1370 3513 tunc
1400 3466 1485 3533 pers
1512 3444 1610 3513 iliius
1638 3442 1794 3514 defuncti
1827 3444 1887 3512 vel
1921 3442 2087 3511 defuncte

583 3582 815 3651 distribuerim
842 3580 935 3649 inter
962 3600 1087 3649 omnes
1113 3578 1207 3649 filios
1234 3591 1273 3649 et
1299 3578 1393 3649 filias
1420 3582 1466 3649 de
1490 3599 1637 3669 corpore
1663 3579 1751 3647 dieti
1780 3577 1956 3664 Johannis
1979 3578 2089 3645 Frere

585 3719 700 3808 patris
719 3738 841 3788 eorum
861 3729 899 3787 et
922 3738 1068 3806 corpore
1088 3718 1224 3806 prefate
1241 3718 1405 3803 Johanne
1422 3716 1548 3785 man-is
1568 3736 1690 3783 eorum
1712 3714 1872 3803 legitime
1885 3704 2089 3815 pmcreatos

582 3868 672 3926 tunc
707 3858 868 3925 viuentes
906 3867 944 3924 et
978 3857 1030 3925 sic
1065 3859 1110 3925 de
1142 3856 1258 3945 gradu
1292 3856 1332 3922 in
1363 3854 1512 3943 gradum
1547 3872 1659 3940 voque
1694 3852 1743 3919 ed
1776 3851 1939 3919 ultimum
1966 3870 2089 3917 eorum

589 3995 783 4063 decessum.
838 3994 888 4062 Et
923 3994 955 4063 si
986 4012 1111 4063 omnes
1150 4014 1214 4063 sex
1250 4012 1401 4081 persone
1439 3990 1631 4059 liberorum
1668 3988 1756 4058 dicti
1786 3988 1961 4073 Iohannis
1981 3988 2090 4057 Frere

586 4129 738 4199 senioris
765 4141 802 4197 et
821 4128 984 4215 Johanne
1012 4128 1132 4196 vxoris
1157 4148 1220 4197 sue
1249 4127 1341 4196 inira
1368 4129 1511 4217 plenam
1539 4136 1670 4195 matam
1706 4144 1809 4195 suam
1844 4124 1998 4193 obierint
2030 4124 2088 4192 vei

586 4264 684 4334 dicte
710 4266 875 4351 Johanna
902 4266 1031 4335 obierit
1058 4276 1250 4355 antequam
1277 4267 1445 4335 maritata
1471 4264 1577 4333 inerit
1600 4264 1698 4351 quod
1724 4272 1811 4331 tunc
1837 4262 1959 4330 omnia
1993 4262 2090 4329 hona

587 4426 652 4473 sua
690 4404 851 4491 predicta
886 4404 1061 4472 dictarum
1104 4422 1168 4472 sex
1206 4423 1436 4492 pesonarum
1474 4411 1683 4471 remaneant
1718 4398 1967 4468 executoribus
2003 4396 2090 4465 dicti

586 4542 760 4629 Johannis
798 4541 905 4609 Frere
942 4540 1092 4610 senioris
1128 4540 1241 4629 patris
1269 4560 1401 4608 eornm.
1441 4536 1540 4653 ‘Que
1569 4538 1713 4626 quidem
1742 4556 1881 4606 summ
1907 4534 2091 4624 octoginta

589 4680 759 4746 librarum
808 4679 901 4746 inter
942 4676 1098 4767 prefatos
1145 4677 1347 4762 Johannam
1397 4674 1519 4757 filiam,
1569 4674 1756 4757 Thomem,
1806 4673 2007 4760 Iohannem
2054 4682 2093 4740 et

591 4814 796 4897 Ricardum.
825 4811 919 4883 filios
947 4814 1033 4883 dicti
1057 4810 1230 4897 Iohannis
1259 4811 1366 4879 Frere
1394 4821 1431 4878 et
1469 4810 1633 4895 Johanne
1666 4810 1788 4879 vxoris
1826 4828 1890 4875 sue
1921 4804 2094 4893 equaliter

588 4950 777 5020 diuidetur.
835 4950 884 5020 Et
924 4951 1082 5041 prefatus
1130 4950 1312 5035 Johannes
1359 4946 1480 5015 Brook
1521 4944 1668 5013 eosdem
1716 4942 1920 5026 Johannam
1969 4936 2091 5017 titan.

587 5086 772 5167 Thomam,
785 5085 985 5172 Iohannem
998 5095 1036 5153 et
1050 5084 1256 5166 Ricardum,
1270 5082 1364 5150 iiiios
1378 5083 1569 5151 eorundem
1582 5080 1756 5165 Johannis
1768 5078 1876 5145 Frere
1890 5074 2039 5144 senioris
2052 5082 2090 5141 et
