4975 6309
572 762 643 834 170
906 738 1003 829 libe
1027 738 1166 830 little
1191 738 1290 829 Reb
1314 740 1442 832 Book
1467 744 1519 832 01
1547 745 1735 837 Βῐίῦῒοί.

565 951 735 1034 brittoli,
765 952 933 1019 suburbia
962 970 1004 1019 ao
1031 952 1250 1039 procinctuum
1278 952 1437 1021 eiusdem
1460 955 1546 1023 ville
1569 976 1593 1024 a
1615 956 1707 1027 festo
1732 958 1859 1026 Sancti
1881 957 2071 1026 Michaelis

565 1086 690 1155 ultimo
722 1089 889 1174 preterito
923 1089 970 1155 ad
998 1097 1111 1156 totam
1146 1090 1258 1156 vitain
1286 1100 1445 1158 nostram
1474 1093 1565 1161 adeo
1592 1093 1707 1181 plene,
1736 1095 1858 1175 libere,
1887 1096 2006 1182 quiete
2033 1108 2073 1165 et

566 1220 705 1313 integre
734 1225 825 1291 sicut
852 1225 1031 1311 predictus
1060 1226 1369 1294 metuendissimus
1404 1228 1569 1297 dominus
1596 1252 1698 1299 meus
1726 1232 1811 1299 Rex
1845 1253 1890 1299 ea
1924 1235 2072 1303 haberet

566 1366 599 1431 si
623 1384 668 1431 ea
690 1364 728 1430 in
753 1384 861 1432 manu
883 1384 948 1431 sua
970 1365 1182 1443 retinuisset,
1208 1366 1268 1431 vel
1292 1384 1337 1431 ea
1361 1384 1428 1431 nos
1452 1367 1672 1450 haberemus,
1697 1370 1730 1435 si
1755 1369 1794 1434 in
1818 1388 1928 1436 manu
1950 1379 2073 1439 nostra

567 1501 833 1569 retinuissemus
860 1500 989 1567 virtute
1015 1502 1281 1569 concessionum
1310 1503 1546 1588 predictarum
1572 1505 1707 1572 domini
1733 1506 1805 1571 mei
1828 1504 1944 1593 Regis
1970 1508 2075 1574 nobis

567 1658 824 1719 concessarum,
875 1638 1033 1725 exceptis
1084 1639 1346 1724 pre-exoaptis3
1406 1639 1608 1708 Reddendo
1658 1641 1743 1707 inde
1792 1642 1976 1708 annuatim
2028 1642 2075 1709 ad

567 1776 755 1842 terminum
783 1774 857 1842 vite
886 1785 1005 1841 nostre
1044 1793 1109 1861 pro
1149 1775 1314 1841 omnibus
1354 1776 1565 1861 supradictis
1603 1786 1642 1844 et
1675 1774 1872 1844 forinsecis¹
1906 1776 2074 1845 oneribus

568 1910 728 1993 Centum,
758 1910 1010 1997 quaterviginti
1039 1919 1077 1977 et
1105 1910 1194 1979 duas
1220 1910 1345 1985 libras,
1371 1920 1509 1997 septem
1537 1912 1671 1981 solidos
1696 1922 1734 1981 et
1754 1914 1877 1980 decem
1897 1912 2074 1993 denarios,

567 2046 625 2115 Ita
662 2048 758 2133 quod
786 2045 894 2113 iidem
934 2044 1048 2112 maior
1085 2055 1122 2111 et
1159 2046 1395 2113 communitas
1424 2055 1463 2113 et
1496 2064 1717 2115 successores
1757 2046 1813 2113 sui
1841 2057 2077 2115 exonerentur

567 2184 751 2251 annuatim
796 2184 842 2249 ad
886 2191 998 2287 totam
1042 2182 1153 2249 vitam
1197 2192 1356 2249 nostram
1399 2202 1465 2268 per
1500 2202 1568 2249 nos
1606 2183 1653 2249 de
1688 2182 1872 2251 forinoecis
1910 2184 2077 2251 oneribus

566 2320 716 2389 diversis
743 2320 904 2407 personis
933 2320 1063 2387 debitis
1091 2328 1128 2386 et
1156 2320 1289 2385 dudum
1318 2318 1371 2385 eis
1400 2318 1563 2385 allocatis
1588 2320 1635 2386 de
1656 2318 1760 2387 firma
1784 2320 1954 2408 predicta,
1977 2322 2076 2387 vide·

567 2459 651 2528 licet
686 2457 825 2526 Abbati
853 2459 898 2523 de
934 2456 1163 2543 Teukesbury
1202 2459 1249 2523 de
1280 2456 1546 2542 quatuordecim
1581 2457 1684 2523 libris
1712 2467 1748 2526 at
1776 2459 1900 2524 decem
1940 2457 2075 2537 solidis,

570 2596 684 2664 Priori
712 2594 837 2663 Sancti
864 2594 999 2679 Jaoobi,
1029 2594 1220 2675 Bristollie,
1255 2594 1447 2679 sexaginta
1478 2594 1614 2675 solidis,
1651 2593 1924 2662 constabulario
1959 2593 2075 2662 Castri

419 2776 427 2791 ·
471 2774 479 2791 ·
569 2732 760 2813 Bristollie,
798 2741 835 2799 et
872 2732 1043 2798 ministris
1073 2731 1146 2797 suis
1174 2750 1239 2816 pro
1265 2740 1424 2816 tempore
1451 2730 1698 2811 existentibus,
1726 2732 1892 2798 videlicet
1923 2730 2074 2815 Janitori

569 2880 606 2938 et
645 2870 825 2957 vigilatori
862 2868 948 2935 dicti
986 2868 1113 2947 Castri,
1152 2878 1189 2934 et
1215 2866 1401 2934 forestario
1431 2868 1478 2935 de
1505 2868 1760 2956 Kyngeswode
1788 2868 1835 2935 de
1863 2868 2013 2954 triginta
2039 2879 2077 2936 et

569 3025 696 3075 novem
726 3008 838 3087 libris,
868 3006 1132 3093 quatuordecim
1162 3004 1287 3071 solidis
1313 3015 1350 3070 et
1379 3022 1444 3070 sex
1472 3002 1639 3083 denariis,
1669 3022 1713 3069 ac
1735 3003 1883 3070 Custodi
1909 3003 2077 3069 maritimi

568 3145 749 3213 Bristoliie
776 3144 906 3232 viginti
934 3154 971 3210 et
999 3162 1064 3210 sex
1092 3142 1215 3209 solidis
1240 3153 1278 3209 et
1299 3152 1380 3210 octo
1403 3142 1570 3221 denariis,
1598 3140 1802 3208 Solvendos
1827 3141 1875 3207 ad
1899 3150 2076 3227 receptam

568 3290 726 3349 nostram
756 3280 851 3366 apud
879 3278 1235 3346 westmonasterium
1272 3279 1319 3344 ad
1353 3276 1447 3345 festa
1484 3277 1622 3345 Pascite
1660 3286 1697 3344 et
1736 3277 1862 3344 Sancti
1890 3276 2077 3344 Michaelis

568 3436 632 3503 per
656 3418 800 3502 equales
823 3416 1019 3502 porciones.
1072 3415 1120 3483 Et
1145 3416 1178 3482 si
1206 3417 1387 3501 predictus
1415 3435 1555 3482 annuus
1583 3413 1743 3481 redditus
1769 3412 1885 3499 Ciiijn
1910 3412 1977 3499 ijlr'.
2000 3414 2076 3499 vijs.

567 3553 625 3621 xd.
651 3564 767 3622 aretro
795 3554 899 3621 fuerit
928 3555 965 3619 in
994 3562 1095 3639 parte
1124 3554 1181 3619 vel
1210 3554 1350 3621 intuto
1380 3564 1463 3640 post
1487 3552 1644 3638 aliquem
1676 3552 1905 3618 terminorum
1941 3552 2078 3638 predic-

568 3702 684 3758 torum
712 3710 784 3756 non
814 3692 960 3769 solutus,
990 3690 1084 3774 quod
1114 3700 1199 3757 tunc
1229 3692 1321 3756 bene
1351 3690 1459 3757 liosat
1493 3689 1602 3756 nobis
1643 3690 1681 3753 in
1722 3688 1918 3773 predictam
1955 3688 2078 3753 villam

568 3828 736 3907 Bristoll,
776 3836 813 3893 et
853 3826 890 3892 in
927 3826 1092 3894 omnibus
1131 3827 1234 3893 terris
1273 3836 1311 3893 et
1346 3826 1559 3894 tenementis
1597 3834 1635 3891 et
1664 3826 1717 3891 les
1745 3825 2011 3891 fflesshamelles
2039 3823 2078 3889 in

567 3970 692 4034 eadem
735 3964 822 4031 villa
863 3974 900 4031 et
939 3964 1053 4032 eciam
1100 3964 1138 4030 in
1186 3964 1361 4044 domibus,
1408 3963 1541 4049 shopis,
1587 3962 1751 4047 ootagiis,
1799 3961 1921 4042 caldis,
1968 3958 2078 4039 tostis,

565 4101 737 4188 gardinis,
750 4099 973 4178 molendinis,
994 4100 1143 4187 stagnis,
1164 4112 1253 4187 tyna
1277 4100 1405 4179 Castri,
1425 4098 1635 4173 redditibus,
1661 4107 1698 4165 et
1719 4097 1898 4164 suburbiis
1920 4097 2077 4163 eiusdem

565 4240 651 4305 ville
702 4258 782 4305 cum
836 4236 1075 4323 pertinenciis,
1126 4257 1169 4304 ac
1220 4238 1405 4325 procinctu
1454 4236 1613 4302 eiusdem
1658 4234 1743 4300 ville
1786 4233 2000 4319 distringere
2041 4238 2080 4297 et

565 4374 808 4443 districciones
837 4374 921 4439 inde
949 4385 1073 4460 captas
1102 4374 1262 4452 retinere,
1294 4376 1467 4439 abducere
1495 4382 1533 4438 et
1562 4380 1745 4456 asportare
1770 4388 1954 4456 quousque
1975 4366 2080 4435 nobis

567 4516 611 4580 de
640 4512 798 4599 predicto
829 4532 947 4578 annuo
976 4511 1116 4578 redditu
1145 4514 1259 4597 ciiij¹¹·
1279 4510 1347 4597 ijlr'.
1372 4511 1448 4595 vijs.
1472 4507 1530 4575 ιδ.
1561 4517 1598 4575 et
1627 4508 1672 4573 de
1702 4506 1892 4594 arreragiis
1919 4504 2077 4572 eiusdem

567 4642 599 4707 si
627 4660 696 4725 que
728 4604 858 4707 fuerint
894 4640 1052 4725 plenarie
1089 4638 1194 4707 buerit
1234 4638 1467 4707 satisfactum.
1520 4636 1565 4703 In
1607 4636 1707 4703 cuius
1743 4634 1795 4701 rei
1834 4632 2075 4701 testimonium

566 4769 628 4835 uni
667 4770 762 4855 parti
789 4767 895 4834 huius
919 4768 1105 4835 indenture
1139 4788 1250 4854 penes
1285 4740 1462 4855 predictos
1501 4762 1671 4832 maiorem
1712 4772 1749 4830 et
1787 4762 2078 4831 communitatem

567 4896 764 4967 remanenti
802 4894 959 4981 sigillum
994 4904 1152 4965 nostrum
1190 4907 1246 4962 est
1281 4914 1489 4981 appensum,
1518 4891 1622 4958 alteri
1662 4910 1747 4957 vero
1785 4890 1882 4977 parti
1920 4887 2078 4956 eiusdem

567 5028 751 5095 indenture
782 5042 892 5109 penes
916 5044 983 5092 nos
1013 5026 1209 5093 remanenti
1239 5025 1397 5112 sigillum
1420 5042 1608 5093 commune
1633 5021 1719 5087 ville
1744 5020 1902 5107 predicte
1925 5036 2079 5084 unacum

1203 5195 1447 5249 wabrinse-ts
