4975 6309
583 789 634 860 68
922 783 1020 876 obe
1041 783 1182 874 little
1205 785 1305 876 Rev
1331 781 1460 874 eom
1484 781 1536 874 oi
1565 781 1754 876 omrai.

584 989 669 1038 suas
711 971 788 1040 siue
830 972 870 1039 in
905 973 1068 1040 custodia
1110 993 1177 1041 sua
1217 973 1434 1060 perimrlmm
1476 971 1554 1040 sine
1590 971 1766 1042 dilacione
1801 973 1994 1042 reddannn
2035 975 2092 1052 ei;

581 1117 620 1174 et
657 1108 690 1174 si
724 1109 846 1176 nullus
880 1109 972 1176 infra
1005 1129 1138 1178 annum
1172 1121 1212 1180 et
1246 1111 1341 1179 diem
1376 1119 1609 1198 prosequatur
1643 1120 1851 1180 remaneant
1886 1120 1971 1198 tuac
2014 1113 2091 1202 regi

581 1257 621 1314 et
662 1247 855 1316 liberentur
889 1270 954 1336 per
988 1259 1122 1318 certum
1154 1250 1315 1338 precium·
1344 1249 1478 1318 villatis
1513 1269 1578 1336 per
1612 1249 1789 1336 predictos
1817 1247 2000 1317 ministros
2044 1249 2091 1318 ad

581 1385 666 1452 inde
701 1385 984 1471 respondendum
1021 1407 1140 1455 coram
1171 1387 1386 1472 Justiciariis
1422 1389 1469 1455 de
1498 1385 1650 1454 Wreoco
1681 1387 1778 1474 quod
1812 1387 1958 1455 domino
1993 1387 2092 1476 Regi

579 1521 744 1609 pertinet
787 1521 894 1590 Etsi
921 1521 1061 1591 accidat
1088 1523 1127 1590 in
1154 1524 1234 1590 ioco
1263 1523 1324 1590 vbi
1353 1541 1526 1591 wreocom
1555 1522 1618 1590 alii
1647 1541 1755 1609 quarn
1787 1521 1883 1610 Regi
1914 1522 2091 1610 pertineat

578 1659 753 1728 habeatur
785 1668 871 1726 turm
904 1659 1037 1729 ibidem
1068 1660 1194 1727 eodem
1223 1660 1341 1728 modo.
1401 1659 1449 1726 Et
1484 1659 1518 1726 si
1553 1659 1657 1726 aliter
1691 1659 1729 1726 in
1767 1659 1969 1726 huiusmodi
2004 1678 2091 1728 casu

579 1795 702 1865 fecerit
732 1808 769 1866 et
802 1797 887 1866 inde
926 1797 1166 1879 conuincam,
1189 1797 1430 1866 committatur
1457 1816 1522 1883 per
1547 1796 1870 1866 consideracionem
1898 1799 2090 1865 eorundem

578 1934 859 2019 Justiciariorum
895 1935 1040 2022 prisona
1075 1945 1113 2003 et
1144 1936 1338 2003 redimatur
1374 1936 1421 2002 ad
1456 1934 1676 2002 voluntatem
1726 1933 1842 2020 Regio
1882 1943 1920 2004 et
1965 1933 2091 2002 reddat

578 2072 740 2158 querenti
764 2073 931 2158 dampna.
974 2072 1024 2142 Et
1047 2073 1080 2140 si
1103 2072 1260 2141 bellicus
1284 2073 1353 2140 hoc
1374 2069 1483 2140 faciat
1518 2079 1556 2140 et
1592 2071 1830 2140 deaduoootur
1859 2067 1905 2138 de
1943 2069 2088 2138 domino

576 2227 642 2276 suo
674 2218 759 2276 tunc
787 2209 1002 2297 respondeat
1033 2209 1178 2278 balliuis
1206 2210 1239 2277 si
1272 2209 1404 2278 habeat
1439 2209 1544 2276 uado.
1587 2207 1693 2276 Etsi
1726 2227 1798 2276 non
1830 2207 1962 2276 habeat
1993 2209 2087 2276 vnde

576 2357 662 2414 tunc
686 2348 899 2434 respondeat
920 2347 1086 2416 dominus
1109 2345 1271 2434 querenti
1296 2347 1343 2412 de
1367 2347 1524 2432 dampno
1548 2355 1586 2457 at
1608 2345 1707 2434 Regi
1735 2342 1781 2412 da
1813 2363 1959 2432 corpore
1991 2343 2088 2412 illius

577 2484 714 2554 balliui.

677 2747 762 2824 DE
811 2748 1032 2826 FEOFFA
1041 2749 1127 2826 TIS
1174 2749 1351 2826 INFRA
1403 2746 1642 2826 BUNDAS
1689 2745 1995 2824 DICYORUM

1034 2899 1293 2994 QUINQUE
1342 2897 1630 2978 LOCORUM.

707 3063 750 3132 Si
784 3068 895 3132 altera
924 3086 1008 3151 pars
1036 3067 1213 3154 placitans
1240 3063 1405 3134 feoffatrrs
1434 3064 1539 3133 fuerit
1565 3071 1603 3132 et
1631 3063 1792 3132 residens
1820 3063 1913 3132 infra
1948 3065 2089 3132 bundas

577 3203 723 3270 mercati
747 3213 785 3270 et
806 3224 871 3290 per
891 3205 961 3272 hoc
985 3205 1081 3273 dicat
1104 3204 1200 3290 quod
1224 3205 1303 3291 ipse
1328 3203 1418 3271 nulli
1447 3203 1660 3290 respondere
1688 3205 1794 3271 debet
1822 3201 1916 3270 infra
1942 3202 2086 3270 easdem

575 3339 715 3406 bundas
739 3340 810 3406 nisi
839 3341 886 3407 ad
913 3360 1135 3408 communem
1163 3342 1281 3428 legem
1317 3361 1382 3428 pro
1411 3361 1454 3408 eo
1490 3339 1586 3426 quod
1614 3357 1755 3424 semper
1781 3347 1901 3426 potest
1934 3337 2087 3405 inueniri
2113 3404 2120 3410 .

577 3473 836 3562 distringibilis,
865 3487 903 3543 et
931 3478 1045 3543 eciam
1074 3477 1106 3544 si
1140 3479 1210 3544 hoc
1246 3477 1340 3545 idem
1370 3482 1588 3562 proponatur
1614 3493 1662 3542 ex
1697 3481 1798 3560 parte
1827 3472 2017 3559 querentis,
2051 3481 2089 3540 et

576 3610 649 3678 alia
683 3631 767 3697 pars
810 3613 918 3679 instet
958 3622 995 3679 et
1038 3621 1138 3699 petat
1170 3615 1288 3701 legem
1325 3613 1570 3681 mercatoriam
1617 3629 1757 3698 semper
1811 3611 1975 3678 audiatur
2026 3609 2088 3678 lile

576 3747 638 3833 qui
689 3748 779 3834 petit
830 3751 947 3836 legem
1001 3752 1258 3833 mercatoriam,
1303 3751 1379 3817 siue
1414 3748 1519 3816 fuerit
1568 3767 1719 3835 querens
1763 3749 1841 3816 siue
1883 3747 2087 3828 defendens,

576 3893 612 3950 et
669 3887 862 3953 secundum
920 3888 1038 3974 legem
1093 3887 1338 3955 mercatoriam
1397 3887 1591 3956 deducatur
1647 3885 1830 3972 placitum,
1891 3905 1971 3952 cum
2028 3885 2089 3954 lex

576 4023 773 4089 communis
800 4043 870 4109 que
901 4033 958 4091 est
985 4035 1100 4091 mater
1128 4026 1220 4114 legis
1249 4026 1459 4092 mercatorio
1483 4035 1520 4092 et
1549 4043 1619 4111 que
1648 4043 1750 4091 suam
1774 4021 1884 4090 filiam
1909 4041 1958 4090 ex
1982 4021 2088 4090 certis

574 4159 773 4248 priuilegiis
795 4161 892 4228 etin
916 4163 1022 4229 cartis
1045 4163 1134 4230 locis
1153 4163 1310 4239 dotauit;
1342 4182 1421 4229 earn
1450 4163 1497 4229 ab
1522 4159 1656 4228 eisdem
1680 4178 1753 4226 non
1778 4159 1895 4247 priuet
1919 4178 1989 4245 que
2017 4159 2087 4226 sibi

573 4297 673 4382 'prius
691 4297 840 4365 indulsit
862 4299 1133 4386 imperpetuum,
1154 4301 1250 4366 vnde
1273 4299 1429 4366 breuiter
1452 4308 1508 4366 est
1533 4296 1714 4365 sciendum
1741 4299 1837 4384 quod
1859 4297 1897 4364 in
1923 4297 2088 4365 omnibus

575 4433 745 4518 predictis
772 4436 928 4520 quinque
957 4437 1046 4504 locis
1075 4457 1216 4524 semper
1251 4446 1308 4504 est
1349 4438 1410 4504 lex
1448 4435 1660 4503 mercatoria
1695 4435 1850 4502 tenenda
1881 4433 1953 4502 nisi
1982 4435 2088 4502 ambe

573 4577 693 4653 partes
728 4567 915 4636 manifeste
947 4579 985 4637 et
1017 4589 1186 4657 expresse
1213 4571 1443 4639 consenciaot
1471 4573 1518 4639 ad
1553 4571 1670 4657 legem
1699 4587 1932 4638 communem
1977 4568 2086 4636 Etsi

577 4705 805 4772 consenciant
828 4717 914 4774 turm
939 4707 1173 4775 amercienmr
1208 4709 1255 4774 ad
1291 4707 1492 4794 proximam
1529 4707 1662 4772 curiam
1700 4705 1846 4786 domini,
1883 4705 1915 4772 si
1953 4704 2088 4773 curiam

574 4841 707 4906 habeat
732 4841 779 4906 ad
803 4860 1025 4910 communem
1048 4844 1188 4931 legemr
1217 4853 1256 4911 et
1277 4844 1372 4912 idem
1402 4843 1608 4910 obseruatus
1636 4842 1674 4908 in
1705 4839 1930 4922 ciuitatibus,
1960 4839 2089 4926 burgis

434 5058 436 5063 .
572 4988 610 5044 et
638 4978 803 5044 omnibus
830 4981 919 5048 locis
948 4981 1170 5067 supradictis,
1200 4990 1238 5048 et
1268 4980 1477 5047 amercietur
1500 4997 1651 5065 querens
1672 4977 1718 5044 in‘
1733 4977 1801 5044 hoc
1831 4995 1918 5044 casu
1939 4975 2088 5044 nichilo·

575 5113 693 5180 minus
714 5124 886 5202 tanquam
913 5137 986 5186 uon
1013 5137 1231 5205 prosequens
1256 5118 1295 5185 in
1318 5117 1425 5186 euris
1447 5115 1605 5184 mercati.
