4975 6309
723 791 840 914 'cte
862 822 1281 914 attinuerunt
1306 824 1357 948 or
1386 823 1572 917 unitor
1856 834 1904 920 ⁶7

396 1035 675 1104 submercatorea
713 1057 797 1104 suos
836 1038 895 1103 uel
932 1037 1024 1104 alios
1062 1038 1225 1105 homines
1266 1057 1360 1118 suos,
1401 1057 1443 1104 ac
1481 1037 1513 1104 si
1541 1036 1685 1124 ipsimet
1712 1037 1809 1104 bona
1842 1037 1909 1104 illa

394 1191 460 1240 eeu
481 1174 722 1242 mercandisas
744 1174 828 1240 illas
852 1175 905 1242 ita
928 1182 1207 1261 appreetassent,
1230 1174 1443 1242 liberassent
1471 1193 1535 1242 seu
1563 1173 1801 1253 nudidissent,
1823 1174 1908 1241 licet

394 1308 465 1395 ipsi
491 1310 702 1396 apprenticii
725 1320 763 1377 et
786 1312 1067 1378 submercatores
1094 1311 1153 1378 vel
1183 1311 1247 1378 ulii
1274 1311 1436 1379 homines
1457 1319 1583 1397 postea
1605 1331 1628 1378 a
1649 1311 1803 1378 dominis
1831 1309 1908 1377 suis

393 1445 467 1515 sint
505 1447 615 1515 amoti
654 1447 712 1514 vel
749 1448 890 1515 mortui·
945 1446 1010 1517 Set
1041 1467 1107 1533 per
1141 1448 1210 1514 boc
1243 1467 1316 1515 non
1344 1448 1578 1515 excluduntur
1610 1447 1718 1514 iidem
1746 1449 1905 1514 submer-

393 1593 542 1666 catorec,
566 1585 654 1671 quin
680 1605 745 1672 pro
773 1586 863 1654 locis
888 1596 925 1654 et
950 1586 1168 1672 temporibus
1188 1587 1383 1673 oportunis,
1412 1587 1536 1652 eadem
1560 1584 1692 1666 debita,
1720 1585 1816 1651 bona
1838 1603 1902 1652 eeu

393 1720 633 1788 mercandisas
655 1722 709 1790 sic
730 1741 796 1808 per
823 1722 922 1810 ipsos
953 1722 1086 1790 tradita
1115 1723 1200 1789 dum
1236 1723 1310 1790 sint
1345 1742 1426 1790 curu
1461 1723 1616 1790 dominis
1651 1720 1725 1788 suis
1757 1719 1901 1787 nomine

393 1855 615 1924 dominorum
640 1877 783 1924 suorum
808 1865 928 1941 petere
956 1864 994 1923 et
1021 1856 1270 1924 disracionm
1315 1855 1380 1924 Set
1408 1857 1439 1923 si
1468 1855 1665 1943 excipiamur
1693 1866 1817 1924 contra
1837 1875 1900 1922 eos

389 2013 473 2062 cum
502 1994 706 2061 huiuamodi
742 1994 923 2061 accionem
963 1992 1140 2060 mouerint
1167 1994 1264 2080 quod
1303 2013 1376 2060 non
1405 2003 1488 2061 sunt
1516 2002 1601 2060 tunc
1629 2013 1710 2060 cum
1745 1993 1901 2062 dominis

390 2131 466 2198 uria
489 2131 554 2196 sed
576 2132 623 2197 ab
648 2130 785 2198 eisdem
810 2129 921 2198 amoti
945 2130 1091 2197 omnino
1116 2129 1326 2197 admittatur
1349 2129 1413 2198 illa
1437 2129 1615 2216 excepcio,
1637 2140 1674 2198 et
1696 2131 1728 2198 si
1748 2131 1900 2217 probata

390 2265 494 2334 fuerit
517 2286 582 2352 per
605 2265 879 2353 inquisicionem
904 2266 962 2333 vel
984 2267 1057 2333 alio
1082 2267 1189 2335 modo
1213 2266 1425 2336 sufficienter
1439 2277 1523 2336 tunc
1548 2289 1621 2336 nou
1646 2269 1901 2354 respondeatur

390 2405 443 2472 eis
469 2405 564 2485 inde,
597 2405 668 2472 nisi
702 2405 793 2472 forte
829 2405 981 2491 probare
1002 2403 1158 2490 poterint
1190 2405 1286 2490 quod
1316 2403 1385 2490 ipei
1402 2405 1475 2471 ¹uel
1503 2423 1624 2472 eorum
1652 2403 1764 2492 plegii
1792 2403 1898 2472 satis·

387 2543 545 2610 iecerunt
569 2543 714 2611 domino
738 2563 804 2610 suo
828 2544 875 2611 dc
896 2543 1022 2610 eodem
1046 2542 1167 2609 debito
1192 2562 1256 2610 aeu
1280 2541 1468 2622 demanda,
1501 2541 1597 2628 quod
1627 2540 1659 2606 si
1688 2539 1895 2628 replicatum

387 2679 492 2746 suerit
520 2679 729 2746 admittatur
755 2689 794 2746 et
822 2679 855 2746 si
881 2679 1051 2765 probetur
1077 2687 1270 2764 recuperet
1328 2677 1377 2744 Et
1402 2687 1552 2746 mueent
1580 2677 1649 2744 sibi
1685 2687 1898 2744 mercatorne

387 2824 424 2882 et
445 2835 570 2882 omnes
594 2816 657 2901 qui
683 2814 877 2883 secundum
902 2815 1020 2901 legem
1043 2814 1288 2880 mercatoriam
1312 2814 1482 2880 deberent
1510 2833 1556 2880 ne
1584 2813 1740 2900 aliquam
1768 2812 1896 2880 falsam

386 2954 637 3040 exoepcienem
662 2961 866 3039 proponant
890 2971 997 3038 super
1021 2970 1128 3037 quam
1153 2959 1286 3018 sectam
1313 2969 1375 3016 seu
1400 2949 1649 3036 probacionem
1673 2947 1896 3034 protendant,

385 3108 448 3156 seu
478 3109 716 3175 superquam
744 3089 849 3156 ambe
872 3097 993 3174 partes
1017 3086 1231 3174 placitantes
1257 3087 1294 3152 in
1317 3085 1550 3171 inquisicione
1572 3086 1788 3154 descendant
1811 3086 1896 3172 quin

384 3226 417 3293 si
437 3225 530 3292 falna
550 3226 742 3311 recipiatur
765 3245 830 3311 per
852 3223 1124 3311 inquisicionem
1147 3224 1207 3290 vel
1229 3223 1301 3289 alio
1324 3223 1430 3289 modo
1455 3242 1478 3290 u
1502 3223 1716 3308 probacione
1736 3224 1895 3292 eiusdem
2024 3225 2029 3235 '

383 3363 607 3449 excepcionis
641 3362 817 3444 defecerit,
858 3362 920 3429 ille
959 3361 1022 3449 qui
1058 3380 1140 3428 eam
1178 3360 1364 3447 proposuit
1403 3358 1481 3426 siue
1526 3380 1676 3447 quereus
1723 3361 1772 3428 sit
1817 3361 1896 3429 siue

384 3499 576 3568 defendens
608 3501 705 3566 cadit
738 3499 778 3565 in
814 3497 1004 3584 principali
1041 3516 1106 3564 eeu
1146 3515 1170 3562 a
1208 3495 1398 3581 principali
1435 3495 1612 3562 demanda
1649 3515 1712 3562 seu
1749 3497 1894 3583 querela

382 3657 535 3705 unacum
560 3636 776 3722 dampniset
789 3633 968 3722 expensis.

414 3968 501 4044 DE
550 3966 722 4043 BONIS
770 3963 1186 4042 MERCATORUM
1230 3965 1349 4042 SEU
1388 3963 1665 4041 ALIORUM
1705 3965 1862 4042 PERI-

595 4133 838 4212 CULATIS
885 4135 959 4210 IN
998 4133 1158 4210 MARI
1198 4132 1318 4208 PER
1375 4132 1684 4264 WREKKUM

509 4323 567 4390 De
604 4323 749 4392 wrelrko
776 4325 886 4392 maria
916 4325 1166 4394 concordatum
1194 4335 1251 4393 est
1286 4325 1381 4412 quod
1416 4325 1447 4392 ri
1482 4329 1600 4406 bomo,
1638 4329 1748 4411 canis,
1773 4339 1888 4410 catus,

379 4478 443 4526 seu
481 4460 554 4527 alia
585 4461 670 4528 uiua
703 4463 820 4528 beotia
847 4473 949 4531 extra
983 4483 1112 4530 nauem
1147 4482 1212 4531 seu
1247 4463 1418 4531 baronum
1451 4463 1535 4531 viua
1568 4467 1760 4551 escapient,
1790 4469 1885 4553 quod

378 4595 482 4662 nauis
503 4596 568 4663 illa
591 4617 658 4664 nec
683 4599 837 4665 batallua
862 4599 923 4666 ille
947 4617 1014 4667 nec
1038 4598 1174 4686 aliquid
1195 4601 1292 4686 quod
1317 4600 1355 4665 in
1379 4599 1432 4667 eis
1457 4599 1561 4668 buerit
1582 4601 1802 4670 adiudicatur
1821 4623 1888 4690 pro

376 4751 521 4801 wreoco.
565 4732 631 4802 Set
654 4736 776 4802 omnia
799 4736 959 4823 predicta
987 4737 1233 4804 custodiantur
1263 4746 1300 4804 et
1328 4738 1510 4806 saluentur
1538 4758 1603 4824 per
1636 4739 1753 4808 visum
1792 4741 1889 4809 vioe-

376 4870 517 4939 oomitis
544 4881 582 4940 et
609 4874 827 4940 coronatoris
853 4873 912 4941 vel
940 4873 1065 4940 balliui
1093 4873 1163 4941 loci
1187 4884 1225 4940 et
1253 4874 1437 4942 coronarii.
1491 4873 1533 4943 Si
1562 4875 1655 4943 infra
1682 4877 1882 4946 libertatem

375 5008 505 5075 accidit
529 5008 567 5076 io
591 5010 757 5077 manibus
780 5011 982 5079 villatorum
1002 5011 1065 5078 vbi
1085 5010 1287 5077 huiusmodi
1311 5031 1368 5078 res
1390 5011 1626 5095 inueniuntur,
1656 5014 1708 5082 ita
1729 5015 1824 5100 quod
1847 5017 1879 5084 si

374 5147 455 5231 quis
479 5157 711 5234 prosequunrr
734 5145 827 5214 infra
851 5167 984 5215 anuum
1008 5157 1046 5216 et
1069 5147 1165 5215 diem
1192 5158 1230 5214 et
1257 5149 1408 5236 probare
1443 5159 1582 5236 poterat
1609 5171 1667 5218 res
1689 5149 1771 5218 illas
1799 5171 1879 5220 ease
