4975 6309
612 819 662 891 70
949 797 1046 887 libe
1068 793 1332 886 litttelleb
1356 796 1484 887 Boot
1509 795 1561 888 ot
1592 793 1782 888 lldstol.

610 1058 697 1136 DE
736 1057 1242 1150 CONUENCIONIBUS‚
1286 1061 1597 1151 PRESTITIS‚
1637 1058 1723 1138 DE
1729 1057 2117 1149 TENCIONIBUS‚

682 1211 1279 1290 TRANSGRESSIONIBUS
1325 1212 1529 1289 FACTIS
1577 1207 1787 1286 ΕΧΤΙῩΑι
1825 1208 2064 1289 BUNDAS

1226 1362 1430 1440 MERCA
1440 1363 1502 1438 TI.

689 1543 696 1554 ·
741 1507 831 1576 Cum
859 1511 1029 1597 placitum
1059 1521 1244 1580 moueatur
1281 1513 1319 1578 in
1351 1511 1459 1580 Curia
1483 1529 1547 1578 seu
1572 1509 1648 1578 foro
1683 1509 1830 1576 mercati
1872 1506 1919 1575 de
1952 1528 1990 1575 re
2025 1507 2120 1576 fecta

608 1656 712 1714 extra
749 1647 881 1716 limites
914 1650 1061 1716 mercati
1101 1669 1174 1717 non
1211 1659 1356 1736 propter
1394 1649 1463 1716 hoc
1505 1668 1579 1715 non
1621 1647 1820 1714 dimittatur
1858 1645 1946 1731 quin
1985 1645 2117 1712 ibidem

608 1783 823 1850 mscuciemr
857 1785 1040 1871 placitum,
1068 1785 1101 1852 si
1130 1784 1192 1852 ille
1220 1787 1321 1852 cuius
1347 1784 1506 1852 intererit
1530 1785 1682 1871 probare
1707 1781 1886 1849 accionem
1911 1781 1969 1847 vel
1998 1779 2118 1848 defen-

608 1919 744 1986 sionem
776 1939 878 1988 susem
913 1941 978 2006 per
1012 1920 1144 1988 factum
1175 1941 1238 1989 seu
1263 1941 1328 2007 per
1355 1929 1489 1990 sectum
1517 1931 1554 1988 et
1579 1921 1797 2008 ydoneorum
1827 1915 1972 1984 testium
2002 1915 2118 1983 inten-

606 2054 745 2122 cionem
774 2075 876 2124 suam
905 2057 1037 2125 ibidem
1061 2058 1212 2145 probare
1238 2059 1368 2125 ualeat

971 2279 1058 2358 DE
1106 2278 1347 2357 IUDICIIS
1394 2275 1750 2356 REDDENDIS.

735 2425 780 2494 ln
801 2428 900 2494 omni
927 2429 1026 2495 curin
1053 2429 1200 2497 mercati
1235 2428 1379 2515 singule
1408 2427 1539 2494 iudicis
1574 2425 1675 2493 reddi
1710 2427 1842 2493 debent
1878 2445 1941 2512 per
1984 2444 2118 2493 merce-

606 2573 701 2631 tores
725 2565 883 2632 eiusdem
913 2565 1018 2634 Curis
1040 2575 1078 2633 et
1101 2585 1174 2633 non
1202 2585 1268 2653 per
1302 2564 1472 2632 maiorem
1498 2583 1564 2630 nec
1594 2582 1659 2650 per
1693 2562 1929 2630 senescallum
1958 2561 2115 2629 merenti.

606 2698 656 2764 Et
679 2699 712 2766 si
735 2700 938 2768 huiusmodi
966 2711 1178 2769 mercatores
1200 2711 1237 2768 et
1256 2700 1473 2768 senescallus
1497 2719 1536 2766 se
1554 2698 1787 2784 quouismodo
1809 2699 2049 2766 intromittant
2069 2699 2117 2765 ed

605 2835 822 2902 reddendum
852 2837 983 2905 iudicis
1010 2839 1049 2905 in
1076 2837 1280 2905 huiusmodi
1309 2835 1416 2904 Curia
1441 2855 1521 2902 cum
1547 2836 1594 2902 ad
1623 2855 1686 2902 eos
1721 2855 1794 2901 non
1830 2833 2045 2920 pertineant,
2078 2844 2115 2901 st

606 2971 737 3040 iudicis
772 2974 836 3041 illa
877 2983 1098 3060 exequantur
1132 2995 1196 3042 seu
1232 2973 1438 3041 execucioni
1485 2972 1719 3058 quouismodo
1764 2970 1980 3038 demandent
2025 2971 2118 3037 vnde

606 3109 737 3194 aliquis
764 3109 901 3178 senciot
929 3131 969 3178 se
1011 3131 1059 3178 ex
1097 3109 1300 3178 huiusmodi
1337 3107 1469 3175 iudicio
1507 3117 1544 3174 et
1584 3107 1661 3174 eius
1705 3105 1925 3174 execucione
1964 3105 2117 3193 grauari,

605 3246 683 3312 siue
707 3246 875 3316 iudicium
904 3248 993 3315 illud
1020 3247 1126 3316 norit
1153 3248 1193 3315 in
1221 3267 1260 3314 se
1289 3246 1421 3314 iustum
1454 3245 1531 3312 siue
1566 3243 1737 3312 iniustum
1774 3244 1845 3311 nisi
1874 3241 1964 3311 forte
1994 3261 2113 3312 corum

605 3383 838 3449 sectatoribus
891 3384 1060 3471 predictis
1115 3382 1341 3468 postmodum
1391 3380 1496 3448 fuerit
1546 3387 1719 3447 sectatum
1769 3391 1807 3446 et
1856 3399 1920 3466 per
1970 3381 2113 3448 eosdem

604 3523 840 3606 approbatum
869 3531 905 3589 et
933 3522 972 3590 in
993 3543 1116 3592 eorum
1137 3523 1263 3589 rotulis
1292 3522 1526 3599 irrotuletum,
1556 3521 1688 3587 hebeat
1720 3519 1783 3586 ille
1811 3529 1982 3607 greusms
2011 3537 2112 3584 suem

603 3657 908 3742 recuperacionem
945 3668 1021 3726 tam
1058 3678 1181 3727 versus
1217 3657 1398 3738 melotem,
1439 3655 1672 3722 senescallum
1712 3674 1776 3722 seu
1808 3655 1918 3722 alium
1955 3654 2113 3722 eiusdem

603 3793 750 3860 mercati
788 3795 1006 3881 prepositum
1050 3795 1112 3883 qui
1145 3795 1197 3864 its
1235 3793 1357 3861 fecerit
1394 3813 1502 3880 quem
1536 3811 1661 3859 versus
1694 3791 1776 3859 illos
1812 3791 1874 3877 qui
1908 3790 2114 3858 huiusmodi

603 3929 772 3997 iudicium
801 3933 846 3998 de
884 3952 1007 4000 eorum
1046 3941 1212 4019 precepto
1249 3940 1447 4018 exequntur
1486 3949 1550 4016 per
1588 3932 1698 3996 breue
1737 3927 1872 3995 domini
1913 3927 2029 4015 Regis
2068 3927 2113 3994 de

604 4067 886 4154 transgressione
923 4080 963 4136 vt
1002 4068 1048 4137 de
1083 4089 1122 4136 re
1159 4069 1255 4136 fecta
1290 4069 1335 4136 de
1377 4086 1499 4134 eorum
1536 4065 1681 4152 proprie
1729 4065 1859 4132 iniuria
1905 4072 1943 4132 et
1989 4073 2114 4132 contre

602 4203 721 4288 legem
785 4215 823 4271 et
887 4207 1178 4274 consuetudinem
1242 4216 1280 4272 et
1344 4214 1469 4272 contre
1533 4203 1651 4306 legem
1716 4201 1973 4270 mercutorism.
2066 4199 2114 4267 Et

603 4339 719 4405 sciant
767 4341 970 4409 huiusmodi
1012 4343 1175 4422 maiores,
1221 4341 1409 4408 senescalli
1458 4350 1495 4406 et
1536 4339 1598 4406 alii
1637 4339 1700 4426 qui
1748 4337 1952 4406 huiusmodi
1996 4338 2113 4406 etuias

603 4482 727 4539 tenent
775 4476 871 4562 quod
928 4495 1009 4544 cum
1066 4477 1106 4545 in
1158 4475 1303 4546 Curiam
1360 4475 1496 4543 domini
1554 4473 1671 4561 Regis
1728 4493 1848 4542 coram
1898 4473 2113 4558 Justicieriis

602 4610 764 4677 venerint
813 4611 1016 4682 huiusmodi
1065 4614 1294 4702 querentibus
1344 4611 1427 4680 inde
1477 4609 1692 4698 responsuri,
1744 4631 1815 4678 non
1867 4619 2035 4698 possunt
2077 4611 2115 4678 in

602 4744 805 4814 huiusmodi
833 4750 986 4836 querelis
1007 4753 1143 4818 rotulos
1171 4771 1255 4818 suos
1283 4749 1445 4836 proprios
1476 4746 1523 4814 sd
1553 4765 1637 4814 suus
1675 4746 1838 4832 proprias
1865 4747 2116 4815 excusaciones

604 4884 789 4952 aduncare.
855 4885 921 4954 Set
965 4899 1178 4976 oportunum
1221 4898 1277 4956 est
1328 4885 1423 4972 quod
1467 4883 1520 4950 rei
1556 4883 1689 4951 veritus
1725 4903 1834 4972 super
1874 4882 1975 4952 finuli
2017 4883 2117 4952 exitu

603 5019 806 5089 huiusmodi
834 5025 975 5110 querele
1003 5045 1067 5092 seu
1091 5024 1216 5112 pleciti
1243 5043 1367 5090 versus
1395 5041 1458 5088 eos
1486 5019 1574 5088 moti
1603 5020 1801 5108 inquiratur
1828 5041 1893 5108 per
1920 5021 2052 5108 probos
2078 5030 2116 5090 et

1266 5183 1356 5236 ηις.
1373 5181 1459 5235 usus
