4975 6309
716 761 978 855 decliuis
1002 764 1101 853 tiso
1125 762 1255 854 took
1280 764 1332 854 ot
1361 765 1549 857 tittstol.
1839 777 1888 870 85

373 977 478 1045 nobis
505 1000 570 1065 per
597 979 736 1046 litteras
766 987 905 1045 vestras
933 988 1101 1064 petentes
1137 981 1278 1046 clauses
1312 979 1437 1046 herum
1473 990 1631 1050 tenorem
1666 983 1889 1052 continentes

373 1118 440 1184 sub
471 1101 604 1186 vestro
619 1118 800 1188 communi
828 1117 949 1204 sigillo
978 1118 1149 1185 distincte
1177 1127 1214 1185 et
1242 1127 1365 1206 aperte
1402 1120 1542 1188 mittere
1577 1122 1695 1190 velitis
1730 1122 1891 1203 indilato,

373 1263 412 1319 vt
450 1255 586 1322 eisdem
632 1254 803 1342 inspectis
846 1263 884 1321 et
928 1255 1120 1322 intellectis
1158 1256 1306 1323 vlterius
1356 1257 1395 1324 in
1446 1257 1542 1326 dicto
1592 1259 1726 1346 placito
1776 1259 1893 1329 lacere
1952 1325 1956 1330 .

373 1391 551 1478 possimus
595 1392 691 1478 qnod
733 1392 927 1459 secundum
969 1393 1087 1480 legem
1132 1362 1380 1462 mercatoriam
1430 1395 1469 1460 in
1517 1395 1585 1463 hac
1634 1407 1736 1484 parte
1787 1397 1893 1466 merit

374 1527 585 1596 iaciendum.
629 1529 797 1596 Testibns
811 1529 916 1596 nobis
931 1529 1030 1614 ipsis
1075 1529 1294 1597 Faciendum
1310 1532 1404 1618 apud
1418 1531 1579 1599 London.
1613 1533 1724 1601 tercio
1753 1533 1890 1602 decim

375 1666 434 1733 die
475 1667 633 1753 Augusti
676 1667 786 1733 Anno
826 1667 872 1733 ab
911 1666 1161 1735 incarnacione
1190 1667 1336 1735 domini
1369 1641 1558 1737 millesimo
1601 1669 1656 1738 cc⁰
1701 1671 1889 1756 uxnvje.

376 1805 567 1892 Regnique
602 1805 738 1872 domini
774 1805 887 1872 nostri
915 1804 1063 1871 Domini
1099 1803 1267 1872 Edwardi
1306 1805 1454 1872 illustris
1491 1804 1608 1892 Regis
1644 1803 1779 1893 Anglie
1819 1803 1886 1872 lilii

377 1943 495 2030 Regis
518 1941 668 2010 Henrici
698 1941 806 2027 xiii50.

143 2102 348 2156 coum„
507 2079 660 2147 Dilectis
688 2079 814 2146 amicis
844 2079 919 2146 suis
948 2078 1079 2146 Maiori
1107 2087 1146 2145 et
1173 2077 1321 2146 Ciuibns
1355 2077 1515 2146 London.
1553 2077 1815 2146 honestissimis
1853 2087 1892 2146 et

153 2168 350 2284 pffl‘si’·
378 2218 535 2286 eusdem
579 2216 747 2285 Ciuitatis
798 2215 1053 2284 Communem
1105 2216 1309 2303 prepositus
1351 2225 1388 2284 st
1433 2214 1539 2283 ciues
1590 2213 1811 2284 parisienses
1853 2225 1893 2282 st

153 2307 342 2478 1033ss
377 2357 536 2424 eiusdem
579 2351 746 2422 Ciuitatis
797 2352 1043 2422 communitas
1099 2355 1263 2421 salutem.
1336 2353 1491 2433 Litteras
1540 2362 1678 2420 vestras
1723 2361 1901 2440 petentes

375 2493 517 2561 clausas
558 2494 653 2578 apud
697 2490 857 2557 Parisios
901 2491 989 2576 xxiij
1037 2491 1096 2558 die
1144 2491 1314 2578 Augusti,
1354 2490 1464 2558 Anno
1504 2491 1638 2558 domini
1693 2489 1882 2558 millesimo

374 2650 425 2698 cc.
454 2630 630 2716 lxmvje
670 2627 862 2716 Regnique
901 2627 1037 2694 domini
1076 2627 1189 2694 nostri
1226 2625 1362 2694 domini
1396 2627 1556 2714 Philippi
1590 2627 1738 2696 illustris
1768 2627 1885 2715 Regis

373 2767 518 2836 ilrencie
548 2765 662 2850 nviijto
698 2763 895 2850 recepimus
928 2774 1091 2832 tenorem
1128 2762 1192 2849 qui
1230 2762 1389 2849 seqtritur
1428 2763 1474 2830 de
1511 2765 1620 2831 verbo
1657 2765 1704 2830 ed
1741 2765 1888 2831 verbum

374 2913 465 2979 sicut
507 2911 545 2977 in
589 2910 718 2992 littora,
758 2919 797 2976 et
839 2918 924 2977 tunc
970 2907 1260 2977 sies-Pretextu
1312 2908 1412 2976 cuius
1462 2903 1624 2976 mandati
1672 2909 1811 2976 litteras
1854 2917 1892 2976 et

374 3055 604 3125 memoranda
641 3065 766 3122 nostre
804 3052 843 3121 in
883 3053 1016 3140 placito
1061 3055 1100 3121 in
1142 3053 1303 3142 gildonia
1346 3063 1469 3122 nostra
1511 3053 1702 3142 diligenter
1742 3051 1891 3120 scrutari

374 3202 530 3271 lecimus.
585 3199 629 3268 In
658 3201 789 3288 quibus
817 3201 870 3267 ita
908 3209 964 3266 est
997 3208 1218 3288 compertum
1247 3209 1351 3286 prout
1387 3199 1426 3266 in
1463 3200 1618 3285 quadem
1648 3201 1774 3268 cedula
1798 3197 1892 3265 infra

373 3359 555 3435 presentes
602 3347 741 3414 inclusa
788 3347 834 3414 de
878 3347 987 3412 verbo
1030 3344 1077 3412 ad
1116 3347 1263 3413 verbum
1313 3345 1523 3414 continetur.
1582 3345 1722 3414 Plecita
1764 3363 1885 3414 coram

375 3495 526 3573 Maiore,
548 3492 817 3560 vicecomitibus
844 3500 882 3558 et
910 3489 1059 3560 ciuibus
1088 3489 1254 3558 Ciuitatis
1283 3490 1444 3559 London.
1473 3501 1511 3560 et
1539 3491 1696 3560 eiusdem
1725 3481 1892 3560 Ciuitatis

375 3639 638 3708 communitate
666 3637 704 3704 in
733 3636 914 3726 Gyldnule
942 3635 1104 3703 London.
1133 3635 1173 3702 in
1211 3635 1365 3704 termino
1399 3635 1525 3704 Sancti
1558 3636 1757 3717 Michaelis,
1783 3635 1892 3702 Anno

375 3786 523 3854 Domini
557 3784 750 3853 Millesimo
789 3803 830 3850 cc
868 3783 1054 3868 lxxxxvi&
1100 3781 1272 3868 regnique
1308 3780 1424 3868 Regis
1467 3781 1633 3848 Edwardi
1670 3779 1736 3846 filii
1776 3779 1893 3866 Regis

375 3931 525 4001 Henrici
547 3953 621 4013 xv,
644 3930 850 3997 Bernartius
871 3929 953 3995 Ade
978 3927 1195 3994 attachietus
1221 3926 1288 3993 fuit
1313 3927 1351 3992 in
1374 3925 1528 3994 Ciuitate
1550 3925 1745 3993 Perisiensi
1765 3927 1802 4014 iij
1833 3927 1894 3993 die

375 4077 541 4147 Octobris
569 4076 616 4144 ad
644 4073 928 4160 respondendum
950 4070 1033 4138 Ade
1061 4071 1236 4138 Bernardi
1266 4070 1312 4138 de
1342 4069 1475 4156 placito
1501 4072 1598 4158 quod
1626 4071 1752 4138 reddet
1781 4071 1816 4138 ei
1840 4071 1892 4137 xl.

376 4226 495 4294 libres.
550 4223 600 4291 Et
632 4223 725 4289 vnde
754 4220 914 4306 queritur
943 4217 1039 4305 quod
1069 4216 1164 4283 idem
1193 4216 1398 4282 Bernardus
1426 4215 1461 4282 ei
1489 4215 1539 4282 xl
1563 4215 1673 4282 libres
1713 4212 1819 4280 debet
1854 4218 1893 4276 et

376 4371 507 4438 iniuste
534 4368 680 4449 detinet,
708 4385 775 4452 pro
804 4383 848 4432 eo
879 4362 975 4449 quod
1009 4381 1090 4430 cnm
1127 4360 1222 4428 idem
1257 4359 1377 4426 Adem
1414 4359 1529 4426 eidem
1561 4357 1744 4426 Bernerdo
1780 4375 1893 4443 quen·

378 4518 459 4585 dam
496 4534 613 4602 aqum,
642 4522 722 4593 etc,
752 4519 790 4577 et
827 4511 881 4578 sic
914 4510 960 4575 de
994 4509 1103 4575 verbo
1141 4508 1188 4574 ad
1215 4506 1364 4574 verbum
1398 4504 1491 4571 sicut
1526 4504 1565 4570 in
1593 4502 1720 4571 rotulis
1751 4501 1893 4569 illorum

377 4659 516 4729 Cinium
545 4678 609 4726 seu
636 4665 871 4724 moratorum
905 4660 1124 4738 compertum
1152 4649 1230 4730 fiiit,
1253 4657 1290 4716 et
1314 4651 1383 4715 hoc
1402 4647 1506 4716 vobis
1529 4655 1650 4714 tenore
1671 4645 1893 4732 presencium

377 4802 630 4892 significemus.
673 4799 809 4868 Datum
830 4797 979 4866 Parisiis
1000 4796 1091 4863 xxix
1116 4794 1175 4861 die
1204 4793 1363 4879 Augusti
1385 4792 1496 4859 Anno
1523 4789 1670 4858 Domini
1699 4790 1894 4858 Millesimo

377 4971 416 5018 oc
454 4948 629 5033 umes
668 4943 841 5032 regnique
880 4943 1015 5011 domini
1054 4939 1167 5008 nostri
1206 4939 1365 5026 Philippi
1408 4937 1524 5026 Regis
1559 4936 1705 5006 ffranoie
1742 4936 1890 5006 illustris

379 5095 494 5182 sere.
