4975 6309
550 768 601 853 36
886 761 983 854 dhe
1006 762 1268 855 litttettcc
1292 765 1421 855 §cot
1445 764 1497 855 ot
1526 766 1713 861 mtol

550 957 588 1015 et
623 948 738 1016 aleces
774 960 932 1019 ementes
968 953 1129 1023 deoetero
1177 975 1250 1023 non

549 1092 740 1175 portabunt
754 1094 801 1159 ed
820 1100 949 1161 terram
971 1113 1037 1163 nec
1055 1094 1250 1163 narrabunt

549 1226 750 1295 huiusmodi
775 1228 890 1315 pisces
916 1239 952 1297 et
974 1232 1103 1299 alloces
1125 1232 1196 1299 nisi
1226 1251 1249 1298 e

548 1371 706 1449 tempore
716 1366 933 1451 pulsecionis
943 1366 1013 1435 diei
1024 1378 1108 1435 tunc
1122 1368 1249 1453 primo¹

549 1498 739 1586 incipiente
762 1522 874 1589 usque
896 1504 942 1570 ad
964 1505 1050 1572 solis
1071 1524 1246 1587 occasum

547 1635 647 1703 bore¹
681 1648 801 1706 temen
836 1660 932 1708 none
963 1640 1165 1709 hominibus
1201 1643 1248 1710 ed

547 1774 734 1855 prandium
755 1776 988 1845 existentibus
1008 1779 1165 1847 totaliter
1185 1798 1247 1847 ex-

547 1921 661 1996 cepte.
705 1912 754 1977 Et
782 1912 919 1999 siquis
948 1913 1052 1982 aliter
1070 1914 1191 1983 fecerit
1210 1924 1248 1983 et

547 2047 630 2113 inde
669 2047 850 2115 convictus
896 2046 1000 2117 fuerit
1049 2051 1150 2119 debit
1199 2052 1246 2119 de

547 2182 786 2251 misericordie
799 2204 875 2251 xxs.

592 2340 644 2386 ιο.
667 2319 758 2388 Item
786 2322 985 2389 ordinemne
1014 2331 1070 2389 est
1096 2332 1133 2390 et
1161 2342 1246 2391 con·

546 2456 727 2523 cordatum
774 2458 869 2541 quod
915 2458 1076 2525 decetsto
1126 2450 1246 2525 nullus

544 2590 657 2676 pistor
710 2592 921 2661 admittetur
962 2594 1000 2660 in
1043 2594 1243 2662 libertatem

544 2725 776 2811 quovismodo
797 2729 880 2795 licet
895 2748 1040 2797 uxorem
1054 2730 1111 2797 vel
1132 2728 1242 2799 filiam

544 2862 692 2930 suemus
749 2864 938 2950 bingensis
979 2866 1246 2952 desponsaverit

495 3048 501 3063 .
543 2997 614 3065 nisi
632 2998 731 3085 prius
754 2998 907 3068 officium
939 3014 1066 3087 sponte
1094 3003 1244 3071 voluerit

542 3135 713 3203 ablutam.

587 3294 640 3339 ιι.
663 3274 753 3341 Item
783 3274 983 3343 ordinatum
1017 3286 1073 3344 est
1100 3286 1137 3344 et
1157 3296 1240 3343 con·

541 3411 723 3477 cordsmm
766 3411 861 3499 quod
903 3412 1019 3481 omnis
1053 3413 1242 3500 burgensis

542 3556 731 3633 antequem
760 3548 1063 3659 conquesturus
1092 3549 1241 3615 conbur-

541 3684 645 3770 gensi
659 3702 724 3751 suo
738 3684 783 3751 de
797 3682 916 3767 aliquo
926 3682 1058 3769 placito
1073 3683 1191 3751 mittet
1204 3682 1238 3751 ei

540 3820 597 3887 bis
614 3839 678 3907 per
696 3820 958 3907 conburgenses
977 3820 1072 3905 quod
1094 3820 1146 3887 eis
1156 3820 1239 3888 inde

540 3954 735 4025 utisfeciet
770 3966 961 4041 antequam
996 3966 1239 4045 conqueretur.

541 4092 589 4161 Et
603 4094 635 4161 si
649 4092 730 4179 quis
743 4093 847 4161 eliter
860 4090 981 4161 lecerit
993 4101 1031 4161 et
1051 4091 1135 4161 inde
1156 4111 1240 4161 oon·

540 4230 655 4299 victus
685 4227 790 4297 heris
821 4226 1017 4297 satisfaciet
1043 4228 1148 4317 porti.
1192 4226 1241 4295 Et

541 4366 643 4434 debit
670 4364 914 4435 communitati
935 4364 980 4432 de
1000 4364 1239 4433 misericordie

540 4504 612 4575 xld

587 4672 640 4719 τι.
662 4652 753 4720 Item
789 4651 989 4721 ordinatum
1013 4662 1069 4719 est
1093 4660 1130 4719 et
1157 4670 1241 4719 con·

524 4792 724 4863 cordetum
747 4794 842 4881 quod
864 4793 982 4861 nullus
1003 4792 1164 4861 decotero
1178 4792 1242 4861 ed·

1348 955 2050 1048 ringsheueaftershellcersytolsnd

1347 1110 1388 1159 or
1401 1111 1462 1181 cry
1477 1096 1564 1161 such
1576 1093 1645 1165 fish
1659 1097 1731 1162 end
1745 1097 1908 1184 bertinga
1921 1109 2049 1185 except

1348 1228 1438 1299 from
1466 1235 1529 1299 the
1556 1234 1703 1321 ringing
1738 1234 1778 1299 in
1811 1233 1934 1301 nithe
1967 1236 2048 1323 day,

1350 1367 1463 1452 prime
1496 1369 1582 1435 then
1609 1369 1819 1457 beginning,
1848 1379 1887 1437 to
1916 1382 2047 1452 sunset,

1347 1504 1408 1572 the
1444 1504 1534 1573 hour
1565 1504 1608 1571 oi
1644 1524 1738 1573 noon
1768 1505 1878 1594 being
1916 1508 2049 1594 wholly

1346 1643 1518 1727 excepted
1547 1641 1601 1709 tor
1630 1642 1758 1709 dinner
1780 1641 1835 1709 for
1863 1644 1925 1709 the
1952 1664 2045 1711 men.

1346 1775 1434 1843 And
1452 1776 1485 1843 ii
1502 1796 1574 1865 any
1592 1796 1662 1845 one
1683 1778 1777 1846 shall
1791 1790 1849 1845 cot
1862 1779 2047 1847 otherwise

1345 1914 1418 1981 mu
1442 1914 1487 1981 be
1512 1914 1697 1981 convicted
1721 1914 1862 1983 thereos
1880 1916 1927 1983 he
1952 1916 2045 1983 shdl

1346 2047 1611 2136 giveofmercy
1627 2068 1695 2117 zos.

1389 2338 1441 2385 zo.
1463 2320 1554 2387 Also
1568 2320 1598 2387 it
1611 2320 2043 2409 isordoioedendogreod

1342 2456 1421 2523 thet
1455 2455 1661 2523 heuceforth
1691 2476 1739 2524 no
1766 2457 1878 2525 beker
1913 2458 1958 2524 be
1980 2459 2043 2525 cd·

1342 2591 1469 2658 mihed
1496 2601 1535 2657 to
1556 2593 1618 2659 the
1646 2592 1775 2680 liberty
1803 2592 1841 2659 in
1863 2611 1935 2679 eny
1965 2612 2044 2680 wey

1341 2728 1514 2813 although
1527 2730 1575 2795 he
1588 2728 1681 2795 shall
1694 2728 1786 2795 heve
1796 2731 1970 2815 espoused
1981 2730 2042 2797 the

1339 2862 1420 2930 wile
1455 2883 1496 2932 or
1530 2865 1707 2952 daughter
1733 2864 1774 2932 of
1791 2884 1863 2954 any
1890 2869 2041 2955 btugeae

1339 3000 1460 3067 unless
1480 3000 1527 3067 he
1540 3000 1634 3067 shall
1648 3001 1694 3067 be
1706 3000 1845 3087 willing
1858 3012 1898 3069 to
1918 3003 2040 3089 abjuro

1336 3134 1571 3203 hisbusiness
1584 3134 1671 3203 first

1383 3290 1436 3339 ιι.
1458 3272 2040 3362 Alsoitisotdeinedendegreed

2105 3302 2223 3355 Tuus

2102 3378 2227 3419 sunone

1338 3406 2040 3494 thoteveryburgessbeforeheshollsue
2074 3442 2255 3484 emmeno

1338 3542 1397 3611 bis
1410 3543 1526 3609 sellom
1539 3544 1689 3631 butgess
1701 3563 1750 3612 on
1764 3563 1837 3632 any
1850 3545 1934 3630 plee
1947 3546 2040 3613 shall

1338 3678 1427 3747 send
1440 3686 1479 3747 to
1492 3678 1567 3745 him
1592 3678 1694 3747 twice
1717 3682 1767 3768 by
1795 3682 2042 3767 wbusgesses

1340 3817 1420 3883 thet
1433 3814 1479 3883 he
1498 3814 1624 3903 satisly
1645 3816 1742 3883 them
1762 3817 1899 3884 thereln
1923 3816 2041 3885 before

1339 3953 1387 4020 he
1415 3970 1488 4019 sue.
1546 3951 1631 4018 And
1657 3949 1779 4040 ifeny
1796 3954 1974 4021 onesholl
1993 3955 2041 4023 do

1339 4088 1525 4157 otherwise
1538 4088 1611 4155 ond
1631 4089 1677 4155 be
1698 4090 1885 4157 convicted
1906 4090 2047 4158 thereos

1341 4226 1387 4293 he
1414 4225 1508 4293 shall
1537 4224 1641 4293 make
1669 4222 1890 4293 sathfsction
1919 4234 1958 4294 to
1981 4227 2042 4295 the

1339 4370 1455 4448 party,
1471 4362 1542 4427 end
1562 4362 1655 4429 shall
1680 4362 1764 4448 give
1787 4372 1826 4429 to
1850 4361 1913 4431 the
1937 4361 2041 4433 Com-

1338 4502 1553 4591 monoltyof
1568 4522 1687 4591 mercy
1706 4504 1780 4586 sod

1387 4649 2043 4737 22.A1soittsorueineumdegreeu

1342 4792 1423 4861 thot
1436 4811 1484 4860 no
1501 4810 1570 4859 one
1593 4792 1632 4857 in
1657 4790 1774 4859 sumre
1798 4792 1845 4859 bc
1873 4792 2044 4861 admissu

609 4998 1365 5081 ²ttecmteittomsesnetsasninuum.
1405 5014 2046 5083 ToDr.F.thsquetlamindebteusos

541 5106 757 5174 thbmggsstion.

2112 3506 2213 3549 'mcl-
