4975 6309
614 777 689 833 210
948 755 1046 848 W
1069 756 1208 848 little
1234 757 1333 847 Reii
1357 756 1486 850 Boot
1510 758 1562 848 df
1592 756 1780 848 ilttoml.

612 964 849 1035 manifestum.
909 964 1082 1055 Quocirca
1110 970 1212 1039 vobis
1240 972 1454 1040 mandamus
1483 972 1522 1039 in
1556 972 1687 1039 virtute
1722 967 1936 1050 obediencie,
1973 964 2121 1036 firmiter

499 1104 504 1113 '
612 1100 849 1191 injungentes,
871 1105 1039 1191 quatinus
1058 1109 1234 1177 moneatis
1255 1128 1380 1178 omnes
1400 1108 1527 1177 fratres
1547 1108 1727 1195 predictos
1746 1106 1843 1191 quod
1865 1102 1935 1191 ipsi
1956 1102 2118 1172 deoetero

612 1236 735 1305 diuina
777 1236 893 1307 officia
936 1240 1041 1309 simul
1083 1243 1215 1326 dicant,
1252 1254 1292 1311 vt
1326 1242 1508 1333 prefertur,
1551 1253 1590 1311 et
1628 1262 1653 1310 a
1694 1240 1877 1329 memisais
1912 1237 2117 1308 insolenciis

612 1376 821 1463 penitusne
849 1380 1030 1447 retrahant
1058 1390 1094 1449 et
1129 1382 1305 1451 desistant
1340 1385 1407 1451 sub
1434 1402 1529 1470 pena
1559 1378 1938 1449 excommunicacionis
1953 1368 1957 1374 ’
1972 1378 2119 1466 majoris

613 1534 678 1601 per
715 1537 780 1584 vos
823 1518 882 1586 vel
927 1520 1075 1587 alterurn
1116 1530 1272 1589 vestrum
1307 1522 1347 1587 in
1382 1538 1506 1589 omnes
1541 1518 1849 1587 contrauenientes
1886 1516 2115 1585 fulminande

612 1650 675 1721 Ad
703 1672 772 1741 que
799 1656 920 1724 omnia
948 1666 985 1725 et
1028 1658 1172 1745 singula
1208 1656 1371 1727 facienda
1407 1656 1510 1724 vobis
1546 1664 1584 1723 et
1621 1653 1761 1740 vtrtque
1798 1664 1955 1719 ventrium
1993 1660 2116 1719 tenore

610 1792 831 1875 presencium
882 1794 1135 1863 committimus
1185 1794 1282 1863 vices
1332 1806 1473 1863 nostras
1522 1812 1604 1861 cum
1660 1790 1848 1879 cujuslibet
1898 1790 2117 1859 ooheruonis

610 1916 779 1985 canonice
807 1928 994 2005 potestate.
1049 1922 1183 1991 Datum
1206 1922 1413 2012 Wygornie,
1442 1922 1480 2009 xj
1510 1922 1569 1989 die
1596 1918 1730 1988 mensis
1758 1916 1991 2004 Septembris.
2019 1936 2116 1985 anno

610 2050 745 2121 domini
773 2053 962 2124 millesimo
990 2066 1088 2126 ccc¹⁰
1116 2060 1218 2127 lxx-⁰
1247 2068 1384 2146 quarto.
1481 2132 1483 2135 ,
1714 2056 1720 2064 ’

606 2393 734 2471 Letter
746 2397 855 2497 srem
887 2395 1058 2473 Richard
1086 2400 1117 2475 la
1152 2400 1284 2501 Spr'cer,
1315 2401 1454 2500 Mayor
1475 2395 1688 2500 ‹p‘Bristok
1713 2398 1993 2498 mommcnding
2012 2394 2113 2474 Dom

606 2544 738 2645 Hem
764 2546 938 2639 Strotten,
965 2548 1098 2639 Pnkst.
1113 2549 1188 2651 sor
1213 2552 1406 2627 admusmn
1434 2538 1469 2625 te
1497 2551 1555 2626 tle
1583 2547 1781 2649 Perpetua!
1809 2546 1974 2647 Chantry
1994 2549 2043 2647 ry
2057 2548 2114 2623 the

864 2700 1077 2799 Fraemuy
1108 2700 1400 2803 osKalendars,
1438 2704 1486 2777 28
1521 2698 1613 2795 Jan.
1656 2719 1750 2793 1374
1786 2694 1856 2800 [5].

734 2897 945 2967 Reuerende
983 2900 1211 2968 discrecionis
1247 2901 1324 2967 viro
1367 2899 1512 2968 domino
1549 2898 1664 2967 Priori
1703 2898 1854 2967 cedmie
1888 2898 2111 2967 Cathedralis

601 3034 861 3124 Wygornensis
889 3040 1100 3109 auctoritate
1127 3039 1233 3109 Curie
1269 3039 1536 3107 Cantuariensis
1568 3036 1721 3106 Officiali
1754 3047 1790 3107 et
1817 3037 2111 3106 Administrmori

601 3173 838 3261 spiritualium
874 3176 914 3245 in
953 3178 1099 3247 ciuitate
1141 3188 1178 3247 et
1221 3180 1354 3247 diocesi
1396 3176 1649 3266 Wygornensi,
1693 3178 1778 3246 sede
1819 3185 1981 3257 manto,
2024 3194 2111 3243 suus

599 3310 744 3379 humilis
772 3322 809 3381 et
836 3314 986 3382 deuotus
1015 3314 1194 3383 Ricardus
1221 3317 1258 3383 le
1294 3313 1429 3401 Spioer,
1466 3315 1580 3402 major
1614 3314 1700 3382 ville
1736 3312 1928 3393 Brlstollie,
1968 3330 2110 3380 omnem

599 3448 836 3517 reuerenciarn
858 3470 938 3519 cum
959 3450 1103 3519 honore
1147 3451 1208 3519 Ad
1237 3462 1445 3539 perpennam
1467 3449 1663 3519 materiam
1685 3450 1838 3538 Collegii
1860 3450 2110 3541 Fraternitatis

598 3582 842 3655 Kalendarum
871 3586 956 3656 ville
984 3588 1140 3674 predicte
1168 3598 1332 3657 vocatam
1361 3556 1510 3657 sextam
1539 3586 1745 3657 Centuriam
1776 3606 1890 3674 nuper
1923 3586 2109 3655 fundatam

598 3721 636 3787 in
664 3720 814 3790 eeclesia
842 3720 1011 3791 Omnium
1037 3722 1249 3793 Sanctorum
1285 3724 1380 3792 dicte
1407 3722 1492 3791 ville
1519 3732 1557 3790 et
1585 3722 1737 3792 diocesis
1764 3732 1964 3804 meantem,
1994 3732 2033 3790 et
2060 3724 2108 3791 ad

598 3877 713 3925 meam
742 3859 1045 3944 presentacionern
1073 3862 1215 3929 racione
1243 3858 1352 3929 officii
1370 3860 1442 3928 mei
1463 3860 1657 3947 majoratus
1679 3868 1911 3946 spectantem,
1940 3858 2108 3928 dilectum

598 3993 706 4061 michi
727 3994 766 4060 in
788 3992 929 4063 Christo
949 3996 1131 4064 dominum
1154 3984 1350 4064 Henrlcum
1377 3995 1540 4065 Stratton
1569 3994 1802 4081 presbiterum
1834 3992 2110 4063 sarisbunensis

598 4129 750 4199 diocesis
784 4150 831 4198 ex
866 4150 975 4199 causa
1008 4132 1283 4218 permutationis
1318 4130 1478 4200 faciende
1506 4130 1730 4200 deecclesia
1759 4136 1825 4199 'sua
1849 4130 1896 4199 de
1926 4130 2109 4219 Lytynton

600 4266 726 4334 Drews
746 4266 841 4335 dicte
862 4266 1137 4338 sarisburiensis
1159 4270 1310 4337 diocesis
1331 4290 1412 4337 cum
1433 4270 1593 4355 predicte
1617 4268 1787 4336 Cantaria
1809 4288 1856 4337 ex
1869 4268 1977 4335 certis
1991 4268 2109 4337 causis

373 4414 577 4467 Pmsnnrcro
600 4412 638 4471 et
660 4404 830 4491 legitimis
852 4402 899 4471 ad
926 4406 995 4471 hoc
1025 4424 1064 4473 se
1092 4406 1316 4474 mouentrlnus
1344 4415 1520 4494 presente,
1549 4405 1647 4491 piam
1675 4404 1925 4492 paternitatem
1953 4410 2108 4469 vaenum

387 4488 568 4595 neppam
600 4542 781 4612 humiliter
809 4544 1012 4631 supplicans
1041 4553 1078 4612 et
1106 4545 1233 4613 deuote
1261 4544 1429 4631 quatinus
1457 4544 1609 4611 eundem
1630 4540 1814 4609 dominum
1844 4538 2040 4606 Henricum
2062 4538 2110 4605 ad

384 4616 567 4725 &iim
600 4679 773 4769 prefatam
795 4680 998 4749 Centuriam
1020 4702 1067 4749 ex
1087 4701 1196 4749 causa
1216 4680 1491 4769 permutacionis
1512 4679 1715 4767 hujusmodi
1735 4676 1898 4765 gracime
1922 4675 2110 4743 admittere

601 4818 788 4905 ipsumque
814 4820 1046 4905 presbiterum
1067 4818 1106 4886 in
1127 4820 1251 4888 eadem
1273 4838 1354 4887 mm
1375 4818 1449 4888 suis
1466 4818 1606 4905 juribus
1626 4826 1663 4883 et
1683 4812 1914 4902 pertinenciis
1933 4808 2109 4878 uniuersis

602 4955 771 5023 mnonioe
809 4954 1003 5038 mannum,
1045 4956 1263 5043 ulteriusque
1304 4957 1399 5044 quod
1443 4964 1560 5023 vestro
1598 4950 1714 5021 officio
1752 4947 1926 5018 incumbit
1965 4946 2003 5013 in
2037 4945 2108 5013 hac

601 5100 705 5178 parte
746 5088 862 5161 faeere
905 5092 1102 5181 dignermni
1145 5093 1305 5161 cantatis
1343 5091 1483 5159 intuitu
1541 5088 1587 5157 In
1628 5088 1729 5175 cujus
1770 5086 1823 5153 rei
1865 5081 2107 5152 msfimonmm
