4975 6309
751 774 850 865 ube
873 772 1013 862 little
1037 773 1136 863 nco
1161 771 1291 864 Book
1316 775 1367 863 of
1396 775 1584 868 enatet
1872 793 1917 862 81

410 987 456 1052 de
485 988 576 1068 aliis,
604 988 643 1054 in
671 1007 745 1073 qua
773 987 940 1067 Ciuitate,
969 985 1058 1053 feria
1084 987 1142 1052 vel
1178 988 1266 1054 villa
1304 989 1398 1055 idem
1435 1010 1586 1075 querens
1615 993 1652 1058 in
1681 995 1789 1079 plena
1825 999 1922 1063 curia

320 1177 328 1191 .
409 1124 662 1192 diaracionauit
690 1145 815 1192 versus
840 1124 992 1192 eundem
1022 1123 1271 1192 defendentem
1309 1126 1465 1210 dampna
1501 1148 1566 1213 per
1600 1131 1921 1200 consideracionem

409 1257 566 1324 eiusdem
596 1255 710 1337 Curie,
737 1267 774 1323 et
809 1257 904 1342 quod
941 1256 1131 1322 iudicium
1153 1255 1220 1322 fuit
1256 1255 1387 1322 ibidem
1427 1259 1585 1342 plenarie
1626 1273 1824 1343 executum,
1864 1266 1922 1331 vel

409 1392 504 1476 quod
532 1393 624 1459 alias
652 1391 764 1460 traxit
792 1412 873 1459 eum
902 1391 941 1457 in
969 1392 1139 1477 placitum
1169 1393 1215 1458 de
1243 1393 1368 1458 eadem
1398 1395 1680 1480 transgressione
1709 1419 1773 1464 seu
1801 1400 1923 1468 debito

409 1527 551 1608 ibidem,
581 1539 618 1595 et
645 1530 741 1614 quod
769 1529 840 1615 ipsi
874 1528 1005 1595 ibidem
1033 1528 1079 1594 de
1106 1529 1231 1596 eodem
1261 1532 1464 1597 concordati
1486 1531 1635 1610 bierunt,
1664 1544 1701 1600 et
1722 1538 1818 1621 quod
1844 1539 1921 1623 ipse

408 1667 476 1732 hoc
519 1667 687 1752 cognouit
730 1666 862 1732 ibidem
905 1666 944 1730 in
987 1667 1095 1751 plena
1138 1665 1255 1746 Curia,
1301 1676 1337 1732 et
1381 1670 1475 1752 quod
1520 1670 1689 1756 scriptum
1736 1674 1812 1758 ipse
1855 1695 1920 1760 per

408 1805 540 1870 malam
575 1804 772 1870 custodiam
808 1804 866 1869 vei
901 1802 1163 1888 negligenciam
1200 1803 1353 1888 perdidit
1388 1805 1446 1870 vel
1486 1804 1562 1872 sine
1603 1809 1734 1893 scripto
1774 1811 1811 1875 in
1853 1813 1918 1878 tali

409 1940 517 2010 Curia
536 1941 759 2008 omnimodas
781 1941 955 2022 acciones,
978 1949 1057 2022 etc,
1078 1960 1190 2025 vsque
1219 1942 1266 2007 ad
1295 1941 1389 2008 diem
1419 1943 1637 2010 remissionis
1666 1955 1702 2011 et
1725 1948 1860 2015 remisit
1882 1958 1920 2016 et

409 2084 454 2149 de
478 2102 522 2148 eo
549 2090 655 2149 vocat
693 2084 828 2148 rotulos
866 2081 1027 2146 eiusdem
1072 2077 1178 2145 Curie
1216 2081 1263 2144 ad
1302 2080 1515 2146 waranciam
1556 2102 1619 2149 seu
1658 2087 1919 2169 probationem,

408 2241 473 2306 per
500 2222 594 2306 quod
622 2220 701 2305 ipse
728 2218 881 2284 intendit
910 2217 1004 2302 quod
1034 2235 1184 2301 querens
1211 2235 1335 2282 versus
1371 2235 1451 2282 eum
1490 2217 1572 2283 inde
1608 2239 1701 2287 nunc
1738 2223 1918 2290 accionem

408 2358 539 2424 habere
567 2376 641 2423 non
675 2356 800 2441 possit,
837 2374 917 2421 cum
954 2353 1072 2418 nullus
1100 2372 1165 2436 pro
1200 2371 1272 2416 vna
1312 2361 1347 2417 et
1383 2354 1508 2422 eedem
1545 2359 1825 2443 transgressione
1859 2363 1918 2428 bis

408 2491 527 2576 puniri
550 2491 689 2572 debeat,
718 2498 755 2554 et
784 2469 889 2573 super
915 2488 985 2552 hoc
1007 2486 1098 2571 petit
1127 2485 1304 2553 iudicium.
1350 2487 1392 2552 In
1422 2508 1492 2572 quo
1521 2510 1606 2556 casu
1632 2501 1686 2558 est
1712 2496 1912 2562 ordinatum

410 2628 505 2713 quod
548 2615 734 2692 mandetur
776 2634 813 2690 et
852 2623 1026 2691 scribatur
1064 2643 1128 2707 per
1172 2642 1280 2688 vnam
1325 2622 1467 2690 Curiam
1504 2627 1550 2691 ad
1589 2626 1708 2708 aliam,
1744 2640 1781 2696 et
1820 2634 1915 2717 quod

410 2763 603 2830 secundum
631 2780 752 2828 eorum
781 2759 1072 2826 certificacionem
1101 2758 1248 2824 vlterius
1277 2761 1487 2843 procedatur
1515 2772 1620 2845 prout
1651 2763 1782 2831 iustum
1811 2767 1935 2834 fuerit-

408 2900 478 2966 nisi
505 2899 597 2986 forte
624 2907 772 2980 utraque
800 2915 885 2981 pars
919 2904 1031 2979 ponat
1068 2914 1106 2960 se
1132 2894 1170 2959 in
1205 2895 1409 2961 huiusmodi
1445 2897 1709 2982 certificacione,
1750 2905 1845 2986 quod
1883 2905 1919 2971 si

408 3036 564 3115 fecerint,
594 3043 725 3100 extunc
753 3035 945 3099 secundum
973 3031 1267 3098 certificacionem
1297 3033 1396 3098 illam
1421 3036 1631 3117 procedatur
1659 3041 1706 3104 ad
1728 3039 1895 3107 iudicium
1907 3068 1918 3118 ;

409 3175 508 3240 cuius
537 3171 697 3238 mandati
725 3182 828 3235 tenor
856 3169 940 3235 talis
969 3169 1075 3234 debet
1105 3188 1184 3234 esse
1197 3194 1252 3231 :-

539 3308 720 3374 “Dilectis
749 3305 873 3372 amicis
902 3315 938 3371 et
966 3305 1093 3370 vicinis
1119 3306 1194 3370 suis
1219 3305 1350 3371 Maiori
1374 3315 1411 3371 et
1434 3307 1580 3376 Ciuibus
1604 3311 1762 3380 London.
1788 3314 1917 3382 hones·

408 3446 556 3512 tissimis
584 3455 621 3511 et
656 3445 813 3510 eiusdem
850 3442 1015 3509 Ciuitatis
1051 3440 1316 3522 Communitsti,
1355 3444 1409 3508 sui
1446 3441 1551 3507 amici
1588 3455 1623 3508 et
1651 3444 1759 3510 vicini
1800 3445 1917 3512 Maior

409 3592 445 3648 et
474 3581 580 3649 Ciues
603 3581 756 3646 Eboraci
778 3589 816 3647 et
838 3580 995 3670 eiusdem
1022 3577 1188 3646 Ciuitatis
1213 3579 1448 3645 communitas
1472 3582 1633 3646 salutem.
1678 3579 1773 3664 Quia
1797 3583 1915 3648 Adam

410 3719 568 3786 Bernard
597 3727 770 3784 mercator
792 3716 1007 3782 attachiatus
1032 3726 1087 3782 ast
1111 3716 1148 3780 in
1176 3716 1277 3802 gilda
1302 3717 1384 3782 aula
1408 3725 1529 3782 nostra
1558 3717 1603 3780 ad
1633 3717 1915 3802 respondendum

409 3858 591 3922 Bernardo
629 3856 711 3922 Ade
747 3854 940 3921 secundum
978 3855 1095 3938 legem
1143 3854 1388 3919 mercatoriam
1433 3853 1483 3918 de
1516 3851 1648 3935 placito
1687 3853 1782 3936 quod
1822 3851 1918 3916 idem

409 3993 610 4058 Bernardus
639 3992 764 4058 reddat
792 3992 827 4058 ei
852 3992 892 4056 xl
921 3991 1032 4056 libras
1060 4010 1150 4075 quas
1175 3990 1210 4055 ei
1244 3992 1350 4057 debet
1370 3961 1450 4077 *pro
1487 3990 1640 4074 quodam
1676 4009 1768 4074 equo
1807 3990 1918 4056 badio

407 4111 512 4214 quem
541 4129 635 4195 icem
663 4129 783 4194 Anam
811 4128 926 4193 erdem
956 4127 999 4193 B.
1025 4127 1121 4212 apua
1145 4127 1307 4192 London.
1338 4128 1377 4192 in
1406 4125 1606 4214 Smythfeld
1627 4126 1685 4192 <ne
1707 4127 1845 4192 veneris
1866 4148 1915 4192 xv

408 4266 466 4332 die
503 4265 636 4344 marcii,
666 4285 761 4330 anno
801 4264 905 4350 regni
940 4265 1037 4351 regis
1066 4265 1233 4330 Edwardi
1261 4263 1326 4330 filii
1356 4265 1471 4349 Regis
1498 4263 1644 4328 Henrici
1672 4263 1713 4330 κο
1743 4264 1915 4344 vendidit,

408 4410 445 4468 et
492 4421 583 4486 quas
624 4401 658 4465 ei
702 4401 851 4467 soluisse
888 4402 1011 4468 debuit
1051 4401 1089 4467 in
1126 4401 1217 4468 festo
1255 4401 1379 4468 Sancti
1416 4401 1548 4468 Botulfi
1585 4415 1715 4468 extunc
1753 4403 1914 4488 proxime

410 4539 569 4623 sequenti
595 4538 633 4603 in
663 4537 750 4603 feria
775 4539 932 4605 eiusdem
957 4541 1028 4606 loci
1063 4550 1100 4606 et
1135 4561 1197 4606 eas
1235 4541 1269 4607 ei
1306 4543 1462 4606 nondum
1496 4540 1602 4607 soluit
1638 4551 1678 4608 vt
1717 4541 1813 4608 dicit.
1867 4541 1918 4606 Et

411 4695 516 4759 super
542 4677 611 4741 hoc
647 4676 741 4741 idem
777 4675 980 4742 Bernardus
1017 4677 1056 4742 in
1096 4697 1162 4743 sua
1198 4678 1342 4762 propria
1380 4697 1533 4762 persona
1572 4679 1670 4744 venit
1711 4679 1843 4745 ibidem
1877 4678 1916 4742 in

409 4813 533 4878 eadem
564 4811 672 4878 Curia
696 4821 733 4878 et
760 4813 852 4878 bene
880 4813 1049 4898 cognouit
1073 4813 1169 4898 quod
1197 4813 1275 4896 ipse
1301 4815 1477 4897 quendam
1507 4834 1612 4898 equm
1641 4814 1786 4880 badium
1810 4814 1916 4879 dictis

409 4948 487 5012 loco
510 4957 546 5013 et
574 4957 733 5032 tempore
760 4948 938 5015 informa
964 4949 1181 5034 predicteei
1208 4969 1274 5034 pro
1302 4952 1351 5014 xi.
1381 4952 1481 5018 libris
1511 4952 1669 5019 vendidit
1694 4963 1731 5018 et
1756 4954 1852 5039 quod
1876 4953 1914 5016 in

409 5085 521 5152 forma
560 5085 721 5170 predicta
759 5087 935 5170 predictas
974 5087 1024 5150 xl.
1068 5087 1179 5151 libras
1223 5086 1318 5170 apud
1364 5085 1535 5153 Sanctum
1580 5088 1797 5172 Botulphum
1847 5109 1915 5173 pro

1802 5215 1827 5266 G
