4975 6309
614 761 684 853 158
952 751 1049 841 W
1072 748 1211 839 little
1234 748 1333 839 Rtb
1358 750 1487 841 130οῇ
1511 749 1563 840 Of
1586 748 1774 839 Btidtol.

599 964 802 1034 Marescalli
833 973 869 1031 et
898 963 1125 1033 Coronatoris
1155 982 1197 1030 ac
1227 962 1354 1031 Clerici
1385 964 1423 1031 in
1455 964 1674 1033 cessionibus
1703 964 1778 1032 suis
1806 965 1941 1032 abdam
1969 964 2113 1033 ballivis

598 1112 636 1171 et
657 1102 831 1169 ministris
853 1102 955 1178 inde;
993 1120 1132 1167 necnon
1157 1098 1259 1179 fines,
1285 1102 1551 1188 redempciones
1571 1111 1610 1169 et
1632 1101 1909 1169 amerciamenta
1929 1100 2113 1168 hominum

595 1249 633 1308 et
661 1239 864 1305 tenencium
893 1236 1142 1324 predictorum,
1173 1256 1216 1303 ac
1245 1232 1362 1305 eiiuss
1387 1238 1586 1306 satisfactos
1611 1248 1649 1307 et
1676 1240 1799 1305 omnia
1826 1258 1897 1324 que
1925 1238 1973 1305 ad
1994 1238 2113 1325 ipsum

599 1376 929 1452 metuendissimum
973 1374 1157 1442 dominum
1199 1394 1318 1441 meum
1357 1375 1499 1463 Regem
1535 1396 1600 1443 seu
1635 1375 1783 1443 heredes
1819 1396 1904 1443 suos
1938 1375 2115 1462 pertinere

597 1524 764 1603 poterunt
792 1516 837 1581 de
866 1534 972 1592 anno,
1003 1514 1061 1579 die
1089 1523 1126 1579 et
1153 1524 1267 1598 vasto,
1292 1513 1523 1582 forisfacturis
1551 1524 1588 1581 et
1616 1513 1769 1581 murdris
1792 1513 1838 1579 de
1858 1521 1895 1579 et
1916 1511 1955 1578 in
1975 1510 2114 1592 castris,

600 1653 778 1733 dominiis,
814 1652 992 1743 maneriis,
1030 1651 1136 1732 villis,
1173 1653 1288 1732 terris,
1332 1654 1556 1735 tenementis,
1599 1653 1689 1721 locis
1724 1662 1762 1719 et
1797 1651 1912 1718 feodis
1946 1649 2114 1737 predictis

599 1811 669 1879 que
698 1811 817 1858 coram
845 1790 925 1876 ipso
954 1788 1244 1856 metuendissimo
1274 1790 1419 1856 domino
1444 1810 1524 1857 meo
1555 1790 1660 1877 Rege
1684 1798 1722 1857 et
1748 1788 1938 1855 heredibus
1961 1788 2035 1853 suis
2058 1787 2115 1852 vel

598 1928 638 1996 in
678 1926 900 1997 Cancellaria
939 1946 1006 1992 sua
1046 1926 1103 1992 vel
1143 1926 1312 1994 heredum
1350 1948 1505 2006 suorum,
1546 1948 1610 1994 seu
1648 1947 1767 1994 eoram
1810 1924 2045 1992 Thesaurario
2078 1933 2116 1991 et

601 2065 802 2131 Batonibus
832 2064 907 2130 suis
935 2062 993 2127 vel
1013 2061 1182 2129 heredum
1205 2082 1348 2130 suorum
1375 2065 1421 2129 de
1446 2063 1646 2144 Scaocario,
1672 2084 1734 2130 seu
1758 2082 1877 2129 coram
1901 2060 2114 2144 Justiciariis

545 2226 554 2233 ·
598 2204 672 2271 suis
693 2203 751 2269 vel
773 2203 943 2269 heredum
966 2222 1109 2269 suorum
1130 2203 1176 2269 de
1197 2203 1331 2283 Banco,
1354 2211 1417 2269 aut
1439 2202 1652 2286 Justiciariis
1678 2202 1725 2267 ad
1748 2201 1897 2267 Assisas
1918 2198 2111 2284 capiendas

599 2349 637 2407 et
664 2340 791 2426 gaolas
824 2338 1083 2418 deliberandas,
1121 2359 1185 2406 seu
1220 2339 1432 2423 Justiciariis
1469 2340 1516 2405 ad
1550 2338 1701 2405 telonias
1738 2348 1775 2405 et
1809 2336 2111 2423 transgressiones

598 2476 795 2543 audiendas
823 2486 860 2543 et
897 2476 1141 2543 terminandas
1179 2476 1384 2561 assignatis,
1420 2477 1479 2542 vel
1519 2488 1638 2542 coram
1680 2474 1762 2541 aliis
1797 2472 2010 2557 Justiciariis
2048 2490 2111 2585 seu

600 2608 771 2677 ministris
810 2610 884 2675 suis
920 2610 978 2677 vel
1016 2611 1184 2677 heredum
1226 2631 1369 2678 suorum
1408 2613 1687 2699 quibuscumque
1725 2610 1803 2677 fieri
1843 2622 1881 2678 et
1917 2609 2111 2678 adiudicari

599 2745 789 2835 contigerit
817 2763 882 2830 per
910 2754 1089 2813 extracta
1119 2748 1288 2813 scaccarii
1322 2748 1379 2814 sui
1410 2749 1468 2814 vel
1500 2748 1668 2815 heredum
1705 2767 1859 2827 suorum,
1895 2746 2040 2814 ballivis
2074 2754 2111 2812 et

598 2880 780 2961 ministris,
809 2902 874 2968 per
903 2900 1030 2947 manus
1059 2881 1305 2949 vicecomitum
1342 2884 1381 2950 in
1416 2904 1578 2978 quorum
1602 2885 1745 2951 ballivis
1778 2894 1906 2965 castra,
1944 2885 2110 2965 dominia,

598 3019 766 3099 maneria,
784 3018 879 3101 ville,
904 3028 1006 3102 terre,
1032 3028 1236 3087 tenementa
1262 3040 1306 3087 ac
1330 3023 1410 3088 loca
1434 3022 1594 3107 predicta
1619 3024 1777 3089 existunt
1800 3023 1884 3089 inde
1905 3021 2110 3089 liberandas

598 3154 726 3233 levare,
757 3154 938 3240 percipere
968 3165 1005 3222 et
1041 3156 1173 3222 habere
1208 3156 1387 3241 possimus
1423 3159 1501 3224 sine
1537 3160 1724 3225 occasione
1758 3160 1817 3225 vel
1852 3160 2105 3245 impedimento

599 3290 749 3377 predicti
778 3292 1057 3359 metuendissimi
1085 3293 1221 3360 domini
1250 3286 1321 3360 mei
1350 3296 1467 3381 Regis
1494 3304 1532 3362 et
1560 3296 1729 3363 heredum
1758 3315 1901 3362 suorum
1935 3308 1998 3362 aut
2029 3297 2108 3363 bal·

599 3429 749 3497 livorum
774 3447 836 3494 seu
859 3427 1099 3495 ministrorum
1122 3448 1265 3496 suorum
1289 3449 1598 3515 quorumcumque.
1644 3432 1693 3497 Et
1714 3433 1809 3517 quod
1829 3452 1896 3498 nos
1917 3432 2111 3497 habeamus

599 3564 637 3631 in
666 3565 830 3629 omnibus
859 3573 895 3631 et
925 3564 1076 3651 singulis
1113 3567 1249 3647 cestris,
1286 3568 1463 3649 dominiis,
1500 3568 1678 3649 maneriis,
1715 3568 1821 3648 villis,
1858 3569 1971 3649 terris,
2009 3578 2107 3633 tene·

598 3700 737 3781 mentis,
767 3702 868 3781 locis,
896 3711 934 3769 et
966 3700 1079 3769 leodis
1115 3704 1286 3789 predictis
1324 3706 1456 3771 catalla
1492 3704 1660 3786 selonum,
1697 3704 1938 3791 fugitivorum,
1971 3706 2112 3791 utlaga·

597 3846 716 3902 torum
762 3846 798 3903 et
842 3837 1127 3923 dampnatorum,
1169 3824 1227 3903 Ita
1268 3840 1363 3924 quod
1402 3839 1435 3904 si
1474 3839 1555 3924 quis
1601 3839 1785 3905 hominum
1829 3847 1867 3904 et
1911 3838 2111 3904 tenencium

597 3972 834 4059 predictorum
864 3983 926 4040 aut
955 3974 1017 4040 alii
1047 3974 1084 4039 in
1113 3974 1250 4054 castris,
1288 3971 1465 4057 dominiis,
1502 3976 1682 4057 maneriis,
1718 3974 1824 4056 villis,
1861 3974 1975 4053 terris,
2012 3985 2109 4039 tene-
2150 4035 2154 4040 ,

598 4110 738 4189 mentis,
768 4110 857 4177 locis
886 4119 923 4176 et
951 4110 1065 4177 feodis
1101 4111 1271 4196 predictis
1306 4132 1372 4197 pro
1409 4114 1539 4179 delicto
1576 4132 1640 4178 suo
1674 4113 1785 4177 vitam
1822 4112 1881 4176 vel
1907 4099 2112 4175 'membrum

599 4245 753 4313 debeant
789 4246 950 4314 amittere
989 4247 1046 4313 vel
1086 4246 1241 4334 fugerint
1276 4257 1313 4314 et
1347 4248 1478 4315 iudicio
1515 4260 1610 4315 stare
1646 4248 1834 4328 noluerint,
1871 4248 1929 4313 vel
1966 4244 2109 4329 aliquod

599 4384 766 4451 delictrtm
809 4382 956 4451 iecerint
1006 4403 1071 4470 pro
1111 4405 1182 4470 quo
1222 4386 1354 4451 catalla
1398 4406 1463 4452 sua
1510 4388 1664 4453 debeant
1718 4385 1865 4471 perdere
1904 4382 2114 4465 ubicumque

598 4522 644 4587 de
687 4519 740 4587 eis
784 4520 925 4587 iusticia
970 4519 1046 4587 fieri
1098 4521 1237 4601 debeat,
1285 4520 1361 4587 sive
1407 4524 1446 4589 in
1496 4522 1595 4588 curia
1633 4520 1783 4606 predicti
1830 4513 2112 4584 metuendissimi

598 4656 734 4723 domini
777 4657 848 4723 mei
891 4655 1007 4744 Regis
1050 4660 1106 4725 vel
1150 4658 1320 4727 heredum
1342 4660 1346 4667 '
1365 4679 1517 4739 suorum,
1563 4659 1639 4725 sive
1681 4658 1720 4722 in
1764 4656 1837 4723 alia
1879 4654 1978 4720 curia
2031 4652 2111 4736 ipsa

597 4795 728 4862 catalla
771 4793 844 4859 sint
894 4802 1026 4861 nostra.
1104 4794 1152 4861 Et
1203 4795 1312 4861 liceat
1361 4796 1465 4863 nobis
1516 4815 1580 4861 seu
1630 4794 1802 4860 ministris
1853 4792 1985 4859 nostris
2035 4790 2112 4855 sine

601 4931 787 4999 occasione
827 4932 884 4997 vel
923 4932 1176 5018 impedimento
1217 4934 1368 5019 predicti
1404 4930 1685 4999 metuendissimi
1720 4928 1856 4996 domini
1892 4927 1963 4993 mei
1997 4924 2113 5011 Regis

602 5070 660 5137 vel
717 5068 887 5135 heredum
946 5088 1100 5150 suorum,
1159 5070 1405 5137 vicecomitum
1462 5079 1526 5136 aut
1583 5069 1733 5135 aliomm
1786 5066 1999 5133 ballivorum
2050 5080 2114 5127 seu
