4975 6309
539 802 608 857 ηε
874 776 971 869 ube
994 774 1132 866 little
1157 776 1255 867 που
1280 776 1410 869 Boot
1435 778 1486 868 ot
1515 776 1703 869 namot

534 990 692 1077 eiusdem
741 988 838 1071 oilie,
880 981 1038 1059 Thomas
1081 998 1155 1057 atte
1198 988 1285 1077 Hay
1326 1000 1365 1058 et
1405 988 1588 1075 Iohannes
1637 990 1837 1078 stephanos
1882 990 2041 1079 ejusdem

530 1127 616 1195 ville
679 1126 823 1209 Balliui,
868 1143 933 1195 'ao
996 1124 1110 1195 eciam
1172 1126 1374 1195 oemunitas
1436 1126 1595 1213 eiusdem
1651 1126 1737 1195 ville
1793 1125 1945 1194 salutem
2002 1128 2041 1193 in

531 1262 699 1333 Domino.
757 1260 890 1333 Sciatis
936 1263 1032 1350 quod
1077 1262 1123 1331 de
1175 1262 1326 1331 licencia
1383 1262 1521 1331 domini
1573 1261 1687 1331 nostri
1734 1260 1852 1350 Regis
1906 1261 2044 1351 Angiie

531 1396 2040 1487 EdwarditeroiiposteonqueetumpsrcartamipsiusdominiRagis

531 1538 654 1603 datam
682 1536 778 1622 apud
805 1532 1161 1605 westmonasterium
1190 1532 1330 1603 decimo
1356 1542 1485 1603 octauo
1511 1535 1573 1603 die
1599 1534 1796 1615 Februarii,
1820 1553 1916 1603 anno
1935 1536 2040 1623 regni

532 1670 589 1739 sui
616 1670 750 1761 Anglie
778 1671 1050 1761 quadragesimo
1073 1670 1198 1758 quinto
1223 1667 1559 1762 [1371]‚regnisui
1579 1690 1664 1740 vero
1687 1670 1839 1739 Franoie
1858 1672 2036 1741 mioenmo

531 1804 697 1887 seeundo,
725 1803 898 1887 dedimus,
927 1804 1165 1874 conomsimus
1196 1815 1235 1875 et
1265 1806 1423 1894 presenti
1458 1816 1559 1876 carta
1591 1817 1716 1875 nostra
1751 1804 2036 1878 oontinnauirnus

530 1940 610 2009 Deo
637 1952 675 2009 et
702 1940 851 2009 amiens
879 1938 1004 2009 Sancti
1033 1937 1219 2030 Stephani,
1249 1941 1442 2027 Bristollie,
1470 1942 1703 2031 Wrgornensi
1726 1942 1871 2026 diooosi,
1899 1962 2038 2013 necnon

528 2076 706 2166 Magistro
748 2076 905 2162 Iohanni
948 2076 1076 2163 wyte,
1120 2077 1269 2147 Rectori
1312 2079 1409 2147 dicte
1447 2079 1609 2160 ecclesie,
1644 2078 1805 2147 Ricerdo
1839 2076 1966 2147 Hoker
1999 2089 2037 2146 et

526 2213 683 2299 Iohanni
725 2212 836 2296 Hore,
880 2213 1096 2283 Cnstodibus
1134 2214 1268 2283 fabrioe
1310 2217 1470 2303 eiusdem
1507 2216 1669 2299 enclesis,
1701 2226 1741 2283 et
1773 2216 2037 2285 suooessoribus

527 2352 719 2420 eorundem
767 2350 933 2421 Rectoris
975 2361 1012 2419 et
1055 2350 1250 2421 Custodum
1294 2350 1389 2419 dicte
1444 2350 1593 2419 eoeleeie
1645 2350 1917 2439 imperpetuum,
1964 2351 2035 2419 duo

527 2488 721 2573 mesuagia,
766 2494 846 2557 octo
890 2488 1032 2575 sbopas
1072 2508 1181 2557 vnum
1231 2487 1422 2577 gardinum
1466 2488 1685 2575 subsoripta3
1730 2508 1879 2575 quorum
1925 2508 2034 2556 vnum

527 2624 749 2711 mesuagium
779 2624 930 2692 situatur
957 2624 996 2693 in
1022 2625 1204 2693 suburbiis
1232 2624 1317 2692 ville
1342 2623 1524 2693 Bristollie
1550 2625 1590 2691 in
1617 2625 1698 2693 vioo
1721 2634 1849 2693 vocato
1875 2624 2034 2693 Merssb·

526 2767 614 2827 stret
649 2760 742 2827 inter
773 2768 1013 2829 tenementum
1043 2760 1178 2829 Thone
1215 2758 1354 2829 Graunt
1387 2780 1435 2827 ex
1470 2769 1573 2847 parta
1607 2780 1691 2841 vna,
1726 2771 1765 2829 et
1794 2771 2033 2829 tenementum

525 2896 705 2981 quondam
751 2896 907 2984 Agnetis
952 2896 1142 2964 Medelane
1187 2916 1234 2963 ex
1280 2896 1414 2975 altem
1471 2898 1568 2983 quod
1617 2898 1761 2984 quidem
1811 2896 2034 2985 mesuagium

526 3050 606 3101 cum
652 3031 727 3099 suis
769 3030 996 3119 pertinenciis
1039 3032 1217 3099 Radulfus
1267 3031 1393 3120 Hoper
1430 3034 1490 3102 die
1531 3033 1766 3103 oonfeooionis
1808 3033 2029 3121 presencium

525 3166 711 3235 inhabitet.
762 3167 874 3235 Aliud
916 3187 1001 3236 uero
1043 3170 1266 3255 mesuagium
1305 3188 1388 3237 cum
1427 3168 1503 3237 suis
1540 3168 1771 3257 pertinenciis
1808 3170 1961 3237 situatur
1995 3170 2033 3236 in

526 3302 704 3371 suburbiis
747 3303 929 3373 Bristollie
971 3306 1009 3373 in
1051 3304 1283 3373 Mersshstret
1321 3304 1415 3372 inter
1451 3304 1627 3392 sbopbam
1666 3305 1846 3392 quondam
1883 3304 2032 3373 Ricardi

525 3439 712 3509 Deuerelle
740 3460 787 3508 ex
813 3452 916 3528 parte
940 3461 1012 3509 vna
1039 3452 1076 3509 et
1102 3442 1279 3511 venellam
1308 3451 1472 3511 vocatam
1500 3440 1681 3509 Louehne
1708 3463 1756 3510 ex
1775 3451 1879 3529 perte
1899 3443 2034 3519 altem

525 3577 620 3663 quod
663 3576 807 3663 quidem
849 3578 1072 3665 mesuagium
1122 3597 1202 3645 oum
1247 3576 1322 3645 suis
1364 3577 1595 3663 pertinenmis
1636 3578 1822 3663 Johannes
1865 3577 2033 3659 Hendon,

524 3710 650 3793 Faber,
701 3714 761 3781 die
810 3713 1045 3783 confessionis
1094 3714 1316 3803 presencium
1366 3721 1475 3782 tenet
1540 3712 1629 3781 Tres
1672 3713 1784 3801 sbope
1835 3733 1916 3783 cum
1959 3714 2035 3783 suis

524 3850 752 3937 pertinentiis
801 3850 978 3919 situantur
1027 3850 1065 3917 in
1116 3849 1295 3919 suburbiis
1337 3848 1521 3919 Bristollie
1562 3850 1601 3918 in
1644 3850 1896 3919 Mersshstrete
1940 3851 2034 3919 inter

526 3986 677 4071 sbopam
727 3985 907 4072 quondam
961 3983 1114 4054 walteri
1164 3986 1363 4075 Frompton
1414 4006 1462 4055 ex
1516 3996 1620 4073 parte
1675 4006 1749 4055 rna
1798 3981 1836 4054 et
1884 3988 2034 4075 sinopem

530 4121 708 4207 quondam
733 4118 882 4189 Henrioi
910 4120 1026 4189 Forde
1052 4140 1100 4189 ex
1127 4132 1230 4208 parte
1259 4124 1391 4200 alteru
1420 4142 1511 4210 quus
1535 4124 1679 4211 quidem
1700 4124 1833 4211 sbopas
1857 4144 1939 4193 oum
1960 4125 2037 4193 suis

529 4254 758 4342 pertinenciis
814 4254 1025 4325 Edmundue
1067 4256 1258 4326 Beauflour
1299 4267 1398 4328 tenet
1431 4258 1491 4327 die
1525 4258 1761 4329 consentionis
1798 4261 2031 4346 presencium.

529 4392 614 4461 vna
640 4394 754 4481 nepa
780 4404 819 4461 et
845 4414 955 4462 vnum
982 4396 1171 4483 ganeum
1199 4396 1377 4463 nem
1405 4372 1448 4461 n'
1472 4394 1651 4463 mouens
1677 4394 1861 4463 smnus
1887 4396 1926 4462 m
1953 4394 2032 4464 vrso

528 4540 655 4601 vocato
682 4532 912 4603 Merssbsmet
944 4533 1037 4603 inter
1072 4537 1222 4623 sbopam
1259 4532 1439 4621 qnondam
1465 4530 1642 4617 Jobannis
1669 4529 1831 4620 whitley
1858 4550 1907 4599 ex
1932 4540 2035 4617 parte

526 4686 609 4748 vna,
637 4676 675 4735 et
710 4668 900 4755 gardinum
935 4670 1116 4759 quondam
1145 4669 1321 4741 wilielmi
1356 4665 1506 4739 Stillard
1540 4686 1588 4735 ea
1621 4678 1724 4755 perte
1758 4667 1891 4743 altem
1927 4686 2036 4754 quam

525 4804 674 4890 ebonem
725 4812 763 4871 et
812 4804 1002 4891 gardinum
1052 4814 1150 4875 tenet
1198 4806 1383 4893 Jobannes
1433 4804 1631 4893 Cobyndon
1685 4804 1745 4871 dis
1801 4802 2036 4872 oonfeooionis

367 5030 370 5039 Ι
525 4939 757 5027 presencium.
814 4938 899 5007 Vna
933 4940 1047 5029 shopa
1089 4961 1170 5009 oum
1207 4944 1283 5012 suis
1323 4942 1553 5029 pertinenciis
1596 4942 1747 5008 situatur
1785 4940 1824 5008 in
1857 4938 2037 5008 suburbiis

525 5072 707 5174 Bristollie
727 5072 766 5141 in
787 5074 926 5145 venena
946 5084 1073 5145 vooata
1090 5074 1357 5147 Fissbersslnne
1375 5079 1469 5146 inter
1488 5076 1639 5165 sbopam
1659 5078 1839 5164 quondum
1858 5073 2035 5162 lobannis
