4975 6309
782 762 880 855 libe
902 759 1040 852 little
1065 683 1163 851 Rei
1189 762 1318 853 boot
1343 764 1395 853 ot
1420 764 1610 857 aristot.
1872 800 1945 876 225

441 984 684 1066 procuratores
712 986 748 1045 et
777 994 897 1043 eorum
926 993 1145 1041 successores
1170 974 1428 1062 imperpetuum
1450 978 1603 1061 missale,
1626 984 1783 1065 calicem,
1804 1006 1947 1073 panem,

441 1116 573 1194 vinum,
619 1122 827 1182 ornamenta
871 1120 908 1179 et
946 1112 1067 1179 omnia
1103 1110 1177 1179 alia
1215 1114 1416 1181 necessaria
1453 1134 1518 1200 pro
1558 1117 1678 1189 missis
1715 1124 1945 1193 celebrandis.

442 1251 490 1319 Et
532 1249 703 1338 percipiet
741 1250 856 1319 dictus
892 1249 1097 1334 capellanus
1146 1249 1330 1318 celebrans
1375 1269 1441 1336 pro
1488 1253 1675 1323 animabus
1705 1259 1873 1345 predletis
1908 1262 1946 1331 in

442 1389 538 1456 dicto
566 1387 730 1457 Oratorio
752 1385 935 1455 annuatim
956 1406 1021 1471 pro
1043 1385 1220 1471 stipendio
1241 1386 1286 1454 de
1306 1388 1412 1455 dictis
1431 1408 1585 1475 persona
1605 1402 1642 1459 et
1661 1397 1949 1480 procuratoribus

441 1532 499 1598 vel
534 1548 655 1597 eorum
691 1525 951 1594 successoribus
987 1526 1246 1610 imperpetuum
1282 1544 1410 1592 novem
1446 1544 1584 1594 marcas
1620 1528 1667 1595 ad
1703 1530 1830 1601 minus.
1889 1534 1947 1602 Ac

440 1666 552 1733 eciam
582 1664 716 1731 Rector
743 1662 838 1729 dicte
865 1660 1012 1728 ecclesie
1039 1659 1101 1746 qui
1129 1678 1195 1745 pro
1223 1670 1382 1745 tempore
1415 1660 1520 1729 merit
1555 1664 1714 1750 quolibet
1748 1688 1846 1737 anno
1879 1672 1939 1739 die

441 1804 527 1872 dicti
563 1799 804 1879 anniversarii,
838 1797 870 1865 si
907 1818 1051 1883 presens
1086 1797 1200 1877 fuerit
1235 1799 1406 1884 percipiet
1444 1763 1630 1869 duedecim
1665 1805 1840 1876 denarios.
1895 1810 1943 1876 Et

441 1940 565 2007 eodem
594 1940 652 2005 die
680 1935 913 2005 anniuersarii
944 1934 1139 2021 percipient
1175 1934 1263 2001 dicti
1297 1948 1541 2021 procuratores
1576 1950 1614 2007 et
1648 1960 1769 2010 eorum
1805 1962 1944 2013 succes·

441 2096 538 2145 sores
566 2076 663 2142 omni
692 2094 787 2141 anno
816 2074 1083 2159 imperpetuum,
1113 2068 1264 2157 quilibet
1290 2090 1421 2154 eorum,
1452 2073 1637 2141 duodecim
1667 2076 1844 2147 decanos.
1887 2081 1948 2149 Ita

440 2214 535 2299 quod
562 2210 680 2295 Maior
707 2208 793 2276 ville
820 2207 1001 2275 Bristollie
1029 2206 1090 2294 qui
1118 2227 1184 2293 pro
1219 2218 1377 2296 tempore
1412 2210 1517 2278 fuerit
1554 2212 1591 2277 in
1627 2214 1782 2281 crastino
1819 2217 1945 2285 Sancti

440 2347 626 2415 Michaelis
683 2345 866 2413 annuatim
924 2344 1180 2430 imperpetuum
1237 2346 1425 2430 personale
1480 2356 1517 2415 et
1567 2348 1750 2436 solempne
1798 2353 1945 2438 recipiet

438 2484 675 2572 juramentum
719 2483 764 2550 de
802 2482 899 2551 dicto
934 2482 1120 2565 capellano
1155 2481 1202 2547 ad
1242 2481 1375 2549 dictam
1412 2473 1616 2552 cantariam
1653 2487 1816 2556 ordinato
1850 2491 1946 2576 quod

439 2620 589 2693 fideliter
638 2618 791 2707 singulis
840 2616 965 2683 diebus
1014 2614 1085 2682 nisi
1135 2615 1332 2701 legitimam
1379 2618 1419 2685 in
1460 2617 1574 2686 forma
1615 2620 1776 2705 predicta
1816 2624 1944 2691 habuit

439 2756 707 2826 excusacionem
745 2774 809 2841 pro
846 2753 1033 2821 animabus
1077 2753 1246 2838 predictis
1288 2764 1326 2821 et
1365 2754 1553 2823 animabus
1590 2758 1748 2825 omnium
1786 2757 1945 2827 fidelium

439 2894 690 2973 defimctorum
720 2892 875 2959 acaciam
904 2910 968 2977 pro
1005 2889 1139 2957 salubri
1174 2900 1272 2958 statu
1307 2891 1452 2977 majoris
1487 2902 1525 2959 et
1559 2895 1824 2963 communitatis
1859 2897 1944 2966 ville

440 3030 621 3099 Bristollie
648 3028 687 3095 in
717 3028 812 3096 dicto
841 3025 1005 3095 Oratorio
1034 3037 1070 3093 et
1099 3046 1172 3093 non
1202 3028 1289 3096 alibi
1313 3030 1516 3112 celebrabit,
1540 3040 1576 3099 et
1597 3033 1793 3115 matutinis,
1814 3034 1946 3117 missis,

437 3168 594 3255 vesperis
623 3176 660 3233 et
689 3165 769 3233 aliis
797 3163 895 3232 horis
924 3162 1105 3231 canonicis
1133 3162 1211 3229 sine
1240 3182 1350 3229 causa
1377 3162 1588 3231 racionabili
1614 3175 1652 3233 et
1680 3166 1844 3255 legitima
1872 3188 1945 3236 non

438 3324 478 3371 se
507 3301 709 3371 absentabit
745 3300 823 3367 sine
858 3298 1009 3367 licencia
1043 3318 1195 3385 persone
1231 3297 1264 3365 si
1299 3318 1445 3385 presens
1480 3300 1596 3384 fuerit,
1632 3306 1690 3373 vel
1724 3305 1829 3371 vnius
1863 3324 1945 3392 pro-

438 3456 636 3513 curatorum
651 3442 745 3511 dicte
759 3442 907 3510 ecclesie
920 3442 960 3508 in
973 3442 1140 3509 absencia
1161 3460 1311 3527 persone
1331 3442 1492 3526 predicti.
1534 3442 1675 3527 Jurabit
1694 3443 1808 3509 eciam
1828 3441 1948 3510 dictus

438 3584 642 3668 capellanus
671 3574 790 3648 eoram
831 3578 969 3666 Maiore
1004 3578 1088 3647 ville
1124 3578 1282 3666 predicte
1318 3579 1380 3665 qui
1414 3597 1480 3665 pro
1514 3588 1675 3667 tempore
1708 3577 1813 3647 fuerit
1849 3580 1944 3665 quod
2017 3588 2021 3597 '

437 3738 510 3786 non
538 3718 683 3804 recipiet
712 3717 880 3785 mnualia
907 3718 1077 3803 quamdiu
1114 3716 1151 3783 in
1183 3716 1279 3783 dicto
1315 3716 1464 3785 seruicio
1499 3716 1667 3785 extiterit.
1710 3716 1787 3783 Nec
1821 3715 1945 3783 licebit

437 3854 544 3921 alicui
571 3854 705 3921 dictum
734 3853 957 3938 capellanum
988 3872 1011 3917 a
1039 3850 1135 3919 dicta
1175 3851 1345 3920 Cantaria
1372 3854 1522 3921 durante
1549 3852 1625 3920 vita
1654 3872 1721 3920 sua
1754 3852 1944 3939 expellere,

437 3994 514 4059 sine
543 3988 748 4059 defectubus
783 3988 1000 4055 notabilibus
1034 3997 1073 4057 et
1107 4008 1226 4057 coram
1262 3989 1440 4057 ordinario
1476 4010 1540 4057 suo
1576 3989 1737 4077 legitime
1771 3987 1941 4075 probatis.

436 4128 484 4195 Et
513 4128 545 4195 si
573 4146 725 4214 persona
753 4135 790 4193 et
816 4136 1060 4212 procuratores
1089 4125 1182 4193 dicte
1205 4126 1354 4194 ecclesie
1381 4127 1444 4213 qui
1471 4146 1537 4213 pro
1565 4135 1725 4213 tempore
1747 4124 1877 4192 fixerint
1902 4123 1941 4191 in

436 4264 556 4350 aliqua
597 4271 700 4349 parte
739 4260 842 4328 istius
879 4261 1128 4343 ordinacionis,
1165 4264 1262 4349 quod
1302 4262 1408 4342 absit,
1447 4260 1648 4341 defecerint,
1687 4262 1780 4328 bene
1818 4260 1942 4328 licebit

436 4398 566 4486 Maiori
605 4410 642 4467 et
684 4398 836 4466 Balliuis
878 4398 963 4467 ville
1004 4400 1162 4485 predicte
1206 4400 1269 4486 qui
1304 4418 1370 4485 pro
1409 4408 1568 4485 tempore
1603 4396 1734 4465 tirerint
1767 4397 1808 4465 in
1835 4396 1941 4465 dictis

435 4536 638 4625 mesuagiis,
683 4536 805 4622 shopis
848 4543 885 4602 et
927 4536 1078 4623 gardino
1114 4536 1246 4603 intrare
1282 4546 1318 4603 et
1354 4533 1576 4622 metopae,
1619 4543 1657 4600 et
1697 4532 1943 4600 districcionea

434 4692 544 4760 penes
583 4692 623 4739 se
664 4672 825 4754 retinere,
867 4672 980 4739 dbnec
1021 4673 1066 4739 de
1105 4672 1294 4759 magiis
1333 4679 1370 4737 et
1410 4668 1616 4737 defectubus
1644 4670 1676 4736 si
1704 4690 1776 4756 que
1809 4668 1942 4738 fiterint

433 4808 593 4895 plenarie
620 4807 725 4876 nent
753 4806 972 4877 satisfactum
1000 4829 1064 4897 per
1092 4828 1282 4896 personam
1310 4817 1346 4873 et
1371 4814 1615 4892 procuratores
1639 4805 1819 4892 predictos
1835 4806 1939 4892 juxta

423 4946 582 5014 termam
611 4953 646 5013 et
667 4944 811 5011 modum
834 4944 1098 5013 ordinacionum
1119 4942 1365 5031 predictarum.
1410 4940 1460 5009 Et
1480 4942 1513 5009 si
1533 4942 1741 5029 capellanus
1761 4942 1944 5029 predictus

433 5078 495 5165 qui
523 5098 589 5166 pro
617 5088 776 5165 tempore
803 5077 907 5146 firerit
935 5078 974 5145 in
1003 5077 1172 5147 cantaria
1198 5079 1359 5167 predicta
1373 5078 1514 5165 publice
1541 5077 1746 5147 diffamatus
1766 5078 1872 5145 fuerit
1892 5079 1943 5144 de

1827 5204 1854 5271 u
