4975 6309
766 814 864 906 ube
888 814 1026 905 little
1050 812 1148 904 πρὸ
1175 816 1305 905 boot
1329 814 1380 903 ot
1410 814 1597 904 anatot
1865 838 1929 909 191

429 1046 473 1093 ac
500 1028 659 1095 omnium
694 1025 853 1096 fidelium
889 1028 1151 1113 defunctorum
1209 1047 1252 1094 ac
1289 1028 1402 1095 eciam
1441 1028 1513 1093 alia
1550 1044 1660 1093 onera
1697 1009 1859 1092 facienda
1899 1036 1937 1093 et

428 1152 651 1231 obseruanda
675 1165 782 1249 juxta
810 1164 1073 1232 ordinacionem
1097 1174 1255 1231 nostram
1277 1166 1524 1249 subscriptam,
1546 1163 1711 1230 videlicet
1732 1163 1828 1246 quod
1848 1159 1935 1229 dicti

427 1298 584 1366 ‘ihomas
612 1300 748 1367 Burton
777 1310 814 1367 et
842 1300 1023 1385 Johannes
1051 1299 1256 1381 wodeford,
1287 1302 1473 1387 capellani,
1502 1310 1688 1367 eteorum
1716 1262 1935 1367 successores

427 1437 604 1522 capellani
642 1439 793 1506 reddant
832 1449 869 1505 et
906 1440 1048 1506 soluant
1085 1438 1182 1506 omni
1222 1458 1318 1505 anno
1356 1438 1613 1523 imperpetuum
1650 1435 1934 1521 procuratoribus
2034 1444 2038 1452 '

427 1574 574 1641 ecclesie
612 1573 737 1641 Sancti
778 1576 923 1657 Thome,
961 1574 1152 1657 Bristollie,
1193 1574 1254 1661 qui
1299 1594 1365 1660 pro
1403 1582 1561 1659 tempore
1596 1569 1736 1652 fuerint,
1778 1571 1935 1657 quinque
1977 1567 1981 1574 '

426 1708 536 1777 libras
564 1720 601 1778 et
630 1711 786 1797 quinque
813 1712 947 1779 solidos
976 1714 1225 1799 sterlingorum
1255 1711 1303 1778 ad
1323 1720 1475 1796 quatuor
1496 1708 1581 1775 anni
1602 1708 1771 1775 terminos
1792 1707 1933 1776 usuales

425 1855 465 1911 vt
514 1847 609 1913 idem
652 1857 896 1934 procuratores
937 1849 1082 1930 faciant,
1126 1855 1273 1916 teneant
1316 1855 1353 1912 et
1396 1853 1595 1912 sustentent
1633 1844 1688 1910 sin
1754 1843 1785 1909 is
1829 1842 1934 1910 annis

426 1980 683 2069 imperpetuum
714 1984 753 2050 in
781 1986 906 2053 eadem
928 1986 1078 2053 ecclesia
1099 1984 1381 2052 anniuersarium
1402 1981 1631 2067 solempniter
1651 1980 1738 2047 dicti
1758 1978 1934 2063 Jobannis

360 2110 370 2125 '
426 2116 549 2201 Stoice,
574 2120 701 2202 Alicie,
724 2121 844 2189 Isolde
872 2132 909 2189 et
936 2122 1100 2207 Johanne
1128 2141 1277 2189 uxorum
1299 2121 1386 2206 eius,
1407 2118 1572 2186 videlicet
1591 2117 1760 2183 vicesimo
1781 2116 1933 2201 septinm
1999 2122 2002 2128 '

425 2252 483 2321 die
512 2256 645 2322 mensis
669 2256 771 2337 Maii,
794 2277 864 2343 quo
893 2256 951 2325 die
979 2258 1128 2345 predicti
1156 2267 1400 2343 procuratores
1428 2254 1527 2321 omni
1555 2272 1651 2321 anno
1674 2252 1932 2339 imperpetuum

425 2394 566 2459 soluent
594 2393 725 2479 Majori
752 2395 837 2461 ville
866 2394 1048 2461 Bristollie
1076 2414 1141 2461 sex
1162 2394 1295 2461 solidos
1324 2404 1360 2459 et
1381 2401 1462 2459 octo
1485 2390 1650 2458 denarios
1671 2390 1931 2475 sterlingorum,

425 2527 658 2595 Recordatori
717 2530 811 2596 dicte
860 2530 946 2597 ville
1001 2531 1238 2616 quadraginta
1303 2528 1478 2609 denarios,
1543 2528 1730 2595 Communi
1796 2525 1933 2594 Clerloo

423 2664 507 2729 ville
564 2666 721 2748 predicte
777 2667 907 2753 viginti
973 2668 1147 2746 denarios,
1203 2676 1239 2732 et
1294 2663 1439 2732 cuilibet
1491 2674 1642 2749 quatuor
1699 2663 1932 2730 seruiencium

424 2799 568 2883 maioris
633 2820 698 2868 sex
762 2802 937 2885 denarios,
995 2804 1054 2871 Ita
1112 2806 1208 2890 quod
1265 2802 1384 2889 Major
1440 2812 1477 2868 et
1534 2802 1649 2869 dictus
1713 2800 1934 2867 Recordatur

425 2939 687 3025 presencialiter
722 2940 886 3007 intersint
922 2940 1030 3007 misse
1064 2940 1238 3025 solempni
1275 2940 1320 3005 de
1354 2938 1496 3023 Requie
1531 2936 1571 3001 in
1605 2936 1663 3003 die
1700 2933 1934 3002 anniuersarii

425 3074 511 3142 dicti
531 3075 705 3160 Johannis
727 3073 839 3145 Stoke
860 3086 896 3143 et
918 3077 1168 3163 supervideant
1190 3077 1286 3161 quod
1312 3076 1433 3142 omnia
1459 3036 1626 3142 contenta
1647 3074 1685 3140 in
1706 3072 1933 3139 ordinacione

425 3222 546 3279 nostra
573 3215 679 3298 plene
707 3223 743 3279 et
771 3213 923 3283 fideliter
952 3216 1029 3281 sine
1065 3214 1188 3280 fraude
1226 3216 1300 3281 sint
1336 3216 1534 3300 completa;
1566 3223 1602 3278 et
1643 3214 1674 3279 si
1714 3211 1831 3296 Major
1870 3229 1934 3276 seu

424 3346 500 3430 ejus
536 3346 652 3413 locum
698 3358 824 3414 tenens
859 3358 896 3415 et
933 3348 1155 3415 Recordator
1190 3362 1375 3433 presentes
1410 3368 1483 3414 non
1526 3346 1656 3414 fixerint
1698 3349 1862 3414 volumus
1897 3356 1934 3413 et

424 3484 626 3552 ordinamus
653 3485 748 3569 quod
778 3486 887 3551 nichil
915 3484 1123 3571 percipiant
1168 3484 1320 3551 Soluant
1349 3484 1461 3551 eciam
1490 3485 1536 3550 de
1563 3483 1723 3569 predicta
1758 3482 1929 3567 peccunia

424 3620 580 3705 quinque
593 3620 763 3687 librarum
785 3631 822 3688 et
844 3621 1001 3707 quinque
1022 3622 1214 3688 solidorum
1236 3622 1323 3687 dicti
1347 3630 1588 3705 procuratores
1610 3620 1673 3705 qui
1694 3640 1759 3705 pro
1773 3630 1932 3705 tempore

424 3752 553 3820 fuerint
573 3754 703 3841 viginti
724 3764 876 3840 quatuor
896 3758 1092 3842 capellanis
1114 3776 1178 3841 per
1197 3756 1369 3822 vicarium
1393 3757 1438 3821 de
1462 3754 1678 3842 Redeclyve
1705 3765 1740 3821 et
1765 3774 1931 3839 procura·

424 3899 519 3957 tores
540 3892 634 3958 dicte
655 3892 802 3959 ecclesie
824 3890 949 3959 Sancti
970 3892 1106 3959 Thnme
1127 3894 1175 3959 ad
1203 3892 1300 3959 diem
1328 3892 1415 3957 dicti
1443 3890 1676 3958 anniuersarii
1700 3891 1838 3957 vocatis
1865 3910 1931 3977 pro

425 4029 535 4095 missa
562 4029 608 4096 de
633 4029 774 4115 Requie
797 4040 834 4097 et
857 4030 1016 4116 exequiis
1046 4031 1289 4116 solempnibus
1317 4050 1397 4096 cum
1427 4038 1592 4096 neumate
1613 4028 1874 4095 celebrantibus
1894 4036 1931 4095 et

426 4163 725 4249 interessentibus,
740 4166 885 4234 cuilibet
904 4186 1024 4233 eorum
1044 4177 1196 4253 quatuor
1219 4168 1394 4245 denarios,
1414 4178 1451 4233 et
1472 4168 1568 4233 dicto
1591 4166 1725 4232 vicario
1745 4164 1930 4231 duodecim

426 4304 589 4370 denarios
639 4305 671 4369 si
717 4324 865 4389 presens
914 4304 1019 4371 fuerit
1058 4306 1096 4370 in
1140 4304 1302 4391 exequiis
1344 4315 1380 4370 et
1423 4305 1534 4370 missa
1573 4304 1619 4370 de
1658 4302 1799 4389 Requie
1843 4301 1930 4369 dicti

425 4440 666 4522 anniuersarii,
696 4449 733 4508 et
761 4441 864 4508 aliter
892 4439 1003 4507 nichil
1032 4442 1101 4510 sibi
1145 4444 1313 4508 soluatur.
1372 4440 1521 4507 Soluent
1557 4442 1669 4507 eciam
1710 4441 1832 4507 eodem
1871 4440 1929 4506 die

425 4576 537 4644 tribus
580 4576 716 4644 clericis
759 4576 853 4645 dicte
896 4578 1043 4645 ecclesie
1085 4578 1218 4645 ibidem
1262 4579 1495 4663 personaliter
1537 4578 1829 4643 interessentibus
1863 4595 1929 4661 pro

306 4706 310 4713 ’
423 4714 548 4782 classis
597 4714 792 4801 pulsandis,
843 4716 987 4783 cuilibet
1036 4735 1167 4797 eorum,
1226 4716 1412 4783 duodecim
1472 4715 1646 4795 denarios,
1697 4724 1734 4782 et
1790 4716 1928 4781 duobus

423 4849 641 4917 Bedmaunis
670 4852 764 4918 circa
789 4852 912 4918 villam
937 4852 1094 4919 Bristoll.
1123 4853 1182 4919 die
1218 4852 1450 4919 anniuersarii
1486 4852 1572 4920 dicti
1606 4851 1780 4935 Johannis
1816 4851 1927 4919 Stoice

422 4986 733 5073 proclamantibus,
762 4989 906 5056 cuilibet
934 5009 1065 5070 eorum,
1095 5000 1247 5075 quatuor
1271 4992 1445 5073 denados,
1467 5000 1504 5057 et
1525 5000 1666 5057 oentttm
1700 4991 1927 5076 pauperibus,

422 5115 566 5182 cuilibet
609 5136 740 5199 eorum,
777 5118 874 5185 omni
911 5138 1006 5185 anno
1046 5120 1303 5206 imperpetuum
1341 5120 1450 5187 misse
1489 5119 1779 5187 interessentibus
1818 5139 1927 5187 vnum
