4975 6309
658 892 661 896 λ
791 763 889 856 libe
912 764 1051 853 little
1076 764 1174 852 ileo
1199 763 1328 855 tloolr
1356 763 1407 852 ot
1431 763 1620 852 tlrtstol.
1907 771 1954 860 aa

442 982 614 1050 vocandis
640 982 678 1048 in
707 989 832 1066 aperta
860 979 1018 1046 eiusdem
1047 977 1152 1046 Curie
1173 977 1360 1045 audiencia
1386 987 1423 1044 et
1446 977 1597 1064 predicti
1617 977 1698 1044 Ade
1717 977 1901 1063 presencia
1926 978 1958 1044 si

440 1119 613 1186 interesse
643 1115 794 1184 voluerit
823 1116 1001 1202 predictos
1034 1133 1100 1183 sex
1135 1125 1246 1183 testes
1282 1115 1320 1181 in
1356 1113 1469 1181 forma
1502 1123 1672 1181 consueta
1710 1114 1957 1184 examinarent

442 1264 480 1322 et
519 1253 667 1321 vlterius
707 1221 773 1320 sex
813 1252 905 1319 alios
944 1255 1076 1338 probos
1115 1263 1152 1320 et
1191 1253 1328 1338 legales
1368 1253 1530 1320 homines
1569 1255 1614 1319 de
1653 1253 1794 1320 visneto
1833 1251 1959 1320 Sancti

440 1389 612 1475 Botulplri
641 1387 703 1474 qui
727 1387 906 1473 predictos
934 1387 1053 1454 Adam
1083 1407 1149 1454 nec
1178 1386 1402 1454 Bernardum
1431 1389 1506 1456 vlla
1534 1389 1706 1456 affinitate
1739 1389 1957 1476 attingerent

441 1527 632 1614 diligenter
658 1525 876 1612 inquirerent
905 1543 1012 1609 super
1039 1533 1299 1590 sacramentum
1330 1543 1433 1591 suum
1464 1526 1496 1590 si
1524 1525 1684 1611 predicta
1712 1525 1956 1610 acquietancia
2066 1501 2068 1506 ⁵

439 1672 535 1731 esset
562 1662 696 1730 factum
724 1661 821 1728 illius
855 1660 938 1728 Ade
972 1662 1064 1728 sicut
1100 1661 1279 1746 predictus
1312 1661 1514 1728 Bernartius
1546 1663 1638 1729 dixit
1672 1684 1719 1729 an
1754 1681 1826 1728 non
1861 1663 1952 1729 sicut

441 1800 536 1868 idem
564 1799 684 1867 Adam
721 1799 822 1866 dixit
887 1799 937 1864 Et
963 1818 1008 1864 ea
1035 1816 1105 1882 que
1137 1816 1203 1883 per
1235 1797 1379 1864 easdem
1416 1799 1702 1867 examinaciones
1733 1809 1769 1866 et
1804 1800 1954 1885 inquisi-

440 1939 560 2005 ciones
588 1937 764 2003 inueniret
787 1936 841 2002 eis
870 1935 954 2001 inde
982 1934 1148 2000 distincte
1181 1942 1219 1999 et
1254 1943 1375 2018 aperte
1410 1936 1597 2003 redderent
1633 1937 1787 2004 cerciora
1816 1947 1854 2003 vt
1882 1937 1953 2022 ipsi

440 2075 566 2141 habita
604 2073 688 2140 inde
726 2071 936 2159 cognicione
969 2070 1131 2138 veritatis
1166 2070 1261 2136 circa
1303 2072 1462 2156 predicta
1500 2073 1647 2141 ulterius
1685 2072 1762 2141 fieri
1794 2072 1952 2140 iacerent

441 2212 536 2296 quod
564 2211 609 2276 de
637 2211 713 2276 iure
742 2217 778 2276 et
806 2208 1000 2276 secundum
1029 2210 1146 2296 legem
1176 2217 1213 2275 et
1242 2209 1532 2276 consuetudinem
1568 2211 1813 2278 mercatoriam
1849 2210 1955 2277 fuerit

444 2346 663 2422 laciendum
708 2355 872 2431 pretextu
911 2345 1012 2412 cuius
1051 2345 1211 2411 mandati
1248 2344 1356 2411 iidem
1397 2346 1532 2426 balliui,
1573 2348 1675 2432 probi
1715 2347 1878 2414 homines
1915 2358 1952 2414 et

438 2484 672 2551 communitas
726 2502 789 2569 per
846 2502 931 2550 suas
987 2483 1125 2550 litteras
1179 2492 1345 2567 patentes
1403 2483 1544 2550 clausas
1598 2484 1776 2551 communi
1831 2484 1952 2570 sigillo
2079 2545 2084 2556 .

437 2622 599 2706 signatas
630 2619 883 2686 remandarunt
918 2619 1070 2685 scientes
1107 2620 1202 2704 quod
1234 2619 1305 2704 ipsi
1343 2619 1432 2685 scire
1472 2619 1631 2687 fecerunt
1669 2631 1753 2687 tunc
1791 2621 1952 2707 predicto

437 2756 521 2824 Ade
555 2757 594 2822 in
632 2758 739 2841 plena
778 2754 885 2823 Curia
914 2754 1010 2840 quod
1044 2753 1123 2840 ipse
1158 2766 1428 2840 prosequeretur
1462 2775 1580 2821 coram
1611 2755 1663 2822 eis
1697 2757 1743 2821 ad
1779 2753 1950 2823 Sanctum

439 2895 657 2981 Botulplrum
688 2895 729 2960 in
759 2893 928 2979 predictis
965 2891 1235 2958 examinacione
1269 2900 1305 2956 et
1337 2891 1570 2976 inquisicione
1598 2891 1784 2972 iaciendis,
1819 2893 1849 2958 si
1882 2893 1951 2959 sibi

303 3037 309 3046 '
435 3032 563 3100 viderit
591 3033 769 3118 expedire,
797 3033 894 3116 quod
923 3032 1001 3116 ipse
1030 3029 1235 3096 conuocatis
1266 3028 1374 3114 plena
1404 3027 1511 3098 Curia
1540 3049 1606 3095 sua
1641 3038 1678 3095 et
1715 3029 1795 3095 aliis
1832 3049 1950 3096 coram

435 3172 487 3237 eis
515 3170 685 3236 vocandis
713 3169 892 3254 predictos
920 3169 954 3252 vj
987 3177 1097 3234 testes
1127 3166 1293 3234 informa
1321 3177 1491 3234 consueta
1525 3167 1564 3232 in
1603 3177 1726 3254 aperta
1764 3167 1949 3234 audiencia

436 3309 593 3375 eusdem
623 3306 727 3375 Curie
756 3308 872 3374 iurare
897 3316 934 3372 et
959 3306 1189 3388 examinare¹,
1214 3316 1252 3373 et
1276 3307 1426 3374 ulterius
1452 3327 1516 3392 per
1541 3307 1631 3373 alios
1662 3326 1727 3372 sex
1755 3308 1886 3392 probos
1912 3323 1951 3379 et

436 3446 574 3530 legales
615 3445 661 3511 de
703 3444 843 3511 visneto
887 3441 1013 3511 Sancti
1053 3443 1225 3530 Botulphi
1255 3452 1415 3510 neutram
1456 3443 1629 3509 dictarum
1672 3443 1830 3529 parcium
1873 3447 1948 3512 vlla

435 3579 608 3646 affinitate
632 3581 814 3666 attingens
847 3578 924 3666 (sic)
966 3579 1103 3646 iuratos
1128 3579 1318 3665 diligenter
1343 3599 1448 3664 super
1471 3580 1653 3665 premissis
1677 3580 1947 3665 inquisicionem

432 3718 591 3785 iecerunt
615 3717 677 3805 qui
702 3717 868 3783 dixerunt
894 3736 1000 3801 super
1024 3725 1284 3783 sacramentum
1312 3735 1413 3781 suum
1438 3717 1533 3800 quod
1561 3717 1721 3801 predicta
1744 3717 1949 3802 acquistau-

433 3855 489 3920 cia
513 3853 580 3920 luit
602 3853 734 3920 factum
760 3852 873 3940 ipsius
898 3852 999 3929 Ade;
1034 3853 1195 3938 requisiti
1221 3853 1375 3938 qualiter
1400 3854 1546 3919 scrutati
1574 3851 1714 3919 filerunt
1742 3853 1949 3935 illudente

432 4013 553 4060 eorum
582 3993 714 4071 dicunt,
744 3991 879 4058 scilicet
907 3990 995 4058 dicti
1023 4011 1089 4057 sex
1114 3999 1225 4056 testes
1255 3999 1291 4056 et
1320 3991 1391 4056 duo
1419 3991 1465 4055 de
1494 3989 1575 4056 aliis
1612 3989 1747 4058 scilicet
1782 3990 1949 4058 Clemens
2039 3977 2042 3982 ’

434 4129 629 4216 Βγοιιίεἱιιε
653 4137 691 4194 et
718 4126 915 4214 Dyonisius
941 4126 1113 4209 clamem,
1143 4127 1240 4212 quod
1264 4125 1334 4210 ipsi
1362 4122 1502 4191 fuerunt
1530 4133 1713 4212 presentes
1739 4125 1776 4192 in
1802 4145 1944 4192 conses-

434 4267 535 4334 sione
568 4266 727 4333 eiusdem
763 4266 1005 4351 acquietancie
1038 4267 1077 4332 in
1104 4266 1192 4332 villa
1224 4263 1351 4333 Sancti
1377 4264 1548 4350 Botulphi
1581 4272 1617 4329 et
1649 4263 1744 4350 quod
1778 4263 1943 4330 videmnt

434 4402 550 4486 ipsum
574 4402 694 4468 Adam
719 4401 819 4468 illam
844 4402 1124 4501 acquietanciam
1150 4401 1309 4488 sigillare
1332 4411 1370 4468 et
1397 4421 1476 4467 curn
1502 4398 1666 4466 manibus
1692 4398 1765 4464 suis
1790 4399 1946 4485 propriis

431 4537 548 4623 ipsam
573 4538 689 4604 eidem
717 4537 901 4603 Beruardo
923 4539 1061 4606 tradem
1086 4539 1204 4606 etalii
1233 4549 1385 4624 quatuor
1409 4537 1573 4603 dixerunt
1598 4534 1693 4621 quod
1720 4533 1787 4600 filit
1809 4533 1942 4602 factum

427 4674 541 4760 ipsius
572 4675 653 4742 Ade
687 4639 879 4744 seeundum
911 4697 995 4744 suas
1027 4677 1246 4744 intenciones
1283 4685 1320 4742 et
1348 4677 1585 4744 credulitates.
1630 4675 1699 4742 Per
1731 4676 1827 4761 quod
1855 4693 1940 4741 con-

427 4811 618 4878 sideratum
641 4811 709 4880 fuit
732 4814 828 4900 quod
856 4815 1035 4899 predictus
1062 4813 1183 4882 Adam
1211 4813 1322 4880 nichil
1352 4823 1494 4900 caperet
1522 4833 1586 4900 per
1615 4812 1794 4899 querelam
1824 4829 1939 4877 suam.

428 4949 477 5016 Et
489 4951 567 5036 ipse
581 4961 618 5018 et
635 4953 749 5038 plegii
768 4953 824 5020 sui
841 4954 886 5019 de
903 4953 1147 5039 prosequendo
1169 4921 1207 5017 in
1221 4951 1461 5033 misericordia
1476 4959 1512 5017 et
1533 4947 1711 5035 predictus
1734 4947 1938 5012 Bernartius

1057 5121 1067 5157 ³
1084 5122 1171 5175 iiecit
1186 5123 1304 5175 omitted.
