4975 6309
718 824 980 917 libellulo
1004 827 1102 916 ilco
1127 827 1257 918 Boot
1281 827 1331 916 ot
1362 824 1549 916 linotet
1835 837 1882 925 os

374 1037 606 1106 mouerit
629 1039 734 1106 demur
753 1040 825 1108 sibi
846 1041 924 1108 dies
951 1060 1016 1128 per
1043 1041 1223 1110 essonium
1253 1059 1355 1108 suum
1385 1040 1432 1106 ad
1456 1039 1655 1128 proximam
1679 1041 1823 1123 cunam,
1847 1050 1886 1110 et
1911 1094 1927 1112 Δ

375 1175 407 1242 ai
431 1174 522 1244 forte
546 1177 593 1243 ad
615 1177 711 1244 diem
734 1179 835 1245 illum
861 1199 901 1247 se
928 1178 1163 1248 sasoniauerit
1188 1179 1305 1247 adnm
1329 1187 1460 1245 extunc
1488 1175 1609 1246 ieoedt
1634 1197 1674 1246 se
1701 1179 1885 1260 cesoniari,

374 1311 464 1378 forte
484 1313 531 1378 de
555 1311 705 1379 muricio
735 1315 851 1401 Regis
874 1316 1054 1395 allooetur,
1077 1324 1115 1383 et
1139 1317 1242 1383 detuit
1266 1315 1300 1382 ei
1326 1315 1404 1382 (lies
1425 1315 1472 1384 ad
1496 1313 1696 1401 proximam
1719 1311 1887 1406 [cumam]

375 1457 516 1528 extunc,
545 1447 598 1514 ita
626 1451 723 1535 quod
746 1452 880 1518 habeat
899 1463 1097 1520 warantum
1123 1473 1227 1520 suum
1257 1452 1340 1520 inde
1368 1461 1454 1520 tunc
1481 1451 1543 1532 ibi,
1572 1461 1608 1518 et
1633 1453 1666 1520 si
1689 1451 1781 1520 forte
1802 1461 1887 1522 tuno
1924 1533 1925 1536 Ἴ

374 1585 437 1650 illo
458 1583 517 1651 die
546 1585 677 1666 veniat,
705 1594 743 1654 et
768 1608 842 1654 non
872 1589 1004 1656 habeat
1033 1599 1230 1656 warantum
1267 1607 1370 1656 suum
1399 1590 1446 1656 de
1479 1590 1620 1658 essonio
1656 1591 1703 1658 ds
1738 1591 1887 1658 seruicio

375 1719 503 1808 Regis,
531 1720 741 1790 admittatur
767 1723 937 1810 probatio
966 1735 1003 1792 et
1031 1726 1246 1813 respondeat
1271 1726 1432 1812 querenti
1460 1726 1506 1793 de
1533 1727 1698 1812 dampnis
1726 1728 1801 1796 suis
1823 1729 1886 1796 illo

372 1857 432 1924 ‹lie
451 1867 490 1924 et
512 1861 681 1944 procedat
700 1861 882 1946 placitum.
927 1862 1028 1929 Etsi
1050 1863 1123 1930 sint
1143 1873 1247 1931 extra
1269 1883 1418 1950 reguum
1440 1873 1598 1951 tempore
1619 1865 1887 1934 attechiamenti

373 2002 410 2060 ot
431 1996 501 2062 hoc
522 1997 707 2065 euidenter
728 1997 834 2067 Curis
863 2009 1026 2067 constare
1049 2001 1180 2086 poterit
1209 2019 1291 2068 cum
1316 1999 1463 2068 vicerim
1487 2001 1667 2068 districtio
1690 2021 1798 2089 super
1825 2022 1888 2070 eos

374 2133 526 2201 inueniri
549 2155 622 2202 non
646 2137 786 2222 poterit,
812 2137 973 2204 habeam
995 2147 1128 2205 exorno
1151 2139 1247 2206 diem
1274 2139 1320 2205 ad
1344 2139 1543 2224 proximam
1566 2138 1709 2207 Curiam
1732 2149 1814 2226 post
1838 2142 1889 2208 xl.

376 2271 455 2338 dies
474 2273 637 2357 proxime
662 2284 862 2360 mosum,
887 2275 965 2342 siue
989 2295 1028 2342 se
1048 2277 1229 2344 essoniare
1250 2275 1374 2344 fecerit
1393 2275 1439 2342 de
1459 2275 1553 2344 vltra
1572 2295 1670 2344 mare
1696 2277 1772 2344 siue
1800 2297 1889 2354 nom

225 2461 233 2476 .
375 2410 422 2476 ad
460 2428 568 2511 quam
608 2409 752 2480 Curiam
789 2411 822 2482 ai
855 2431 929 2482 non
971 2413 1118 2480 veniant
1152 2421 1236 2499 post
1275 2411 1478 2480 huiusmodi
1515 2413 1800 2488 adiomaoionem
1837 2417 1888 2482 xl.

376 2545 513 2613 dierum
539 2557 699 2615 seruetur
724 2569 910 2635 promus
933 2550 1166 2636 supradictus.

253 2972 257 2978 .
375 2892 462 2969 DE
519 2893 758 2972 DEBITIS
807 2896 890 2974 RE
895 2897 928 2973 C
930 2896 1263 2975 UPERANDIS
1322 2893 1455 2970 SINE
1521 2891 1728 2970 SCRIPT
1724 2893 1757 2969 0
1813 2895 1901 2970 ET

540 3052 752 3130 TALLIA
802 3055 890 3132 ET
930 3055 1185 3134 LEGIBUS
1231 3055 1362 3133 NON
1413 3054 1735 3133 VADIANDIS.

506 3225 549 3296 Si
569 3228 650 3314 quis
671 3222 886 3298 attachiatus
908 3231 957 3298 sit
977 3233 1024 3299 ad
1043 3233 1327 3317 respondendum
1349 3233 1396 3299 de
1417 3231 1537 3298 debito
1558 3232 1715 3314 detento,
1739 3251 1892 3298 conuen-

375 3363 477 3431 cione
500 3366 559 3432 vel
587 3368 870 3454 transgressione
899 3369 956 3436 vel
986 3370 1059 3438 alio
1085 3389 1307 3456 quocumque
1329 3369 1464 3456 placito
1485 3369 1684 3456 pertinente
1706 3371 1752 3436 ad
1774 3370 1890 3456 legem

377 3504 632 3587 mercatoriam,
647 3516 684 3572 et
697 3506 812 3592 primo
826 3506 865 3572 in
878 3508 1012 3592 placito
1025 3507 1137 3575 debiti
1157 3507 1350 3577 defendens
1372 3515 1497 3591 querat
1515 3505 1601 3592 quid
1620 3513 1745 3590 petens
1758 3505 1891 3571 habeat

377 3642 422 3707 ue
435 3641 568 3722 eoru,
578 3653 615 3709 et
629 3645 861 3728 pretendatur
875 3655 974 3713 secta
988 3647 1084 3713 bona
1097 3646 1181 3714 licet
1195 3609 1389 3712 emanas
1404 3645 1442 3710 in
1456 3646 1523 3710 uae
1537 3651 1638 3730 pare
1653 3661 1692 3708 se
1706 3640 1894 3710 euenum

376 3784 528 3850 voluerit
547 3805 611 3871 per
631 3786 749 3872 legem
769 3805 870 3852 suam
888 3787 984 3871 quod
1002 3786 1042 3852 in
1061 3786 1160 3853 nullo
1183 3784 1330 3852 denado
1349 3782 1419 3850 sibi
1434 3789 1583 3859 tenetur,
1597 3788 1676 3857 etc,
1691 3787 1796 3862 prout
1809 3785 1892 3851 etc.;

378 3920 477 3988 nuto
492 3923 599 3988 modo
612 3923 743 3990 adhoc
758 3923 899 3990 admitti
914 3923 1031 4004 debet,
1042 3923 1142 3990 cuius
1157 3929 1335 3989 causaest
1351 3918 1436 4006 quia
1449 3915 1672 4002 stoquencius
1693 3911 1844 3998 contigit
1857 3919 1894 3976 et

377 4059 516 4125 notorie
539 4060 678 4125 cunctis
702 4069 853 4144 constat
866 4062 962 4147 quod
985 4068 1198 4128 mercatores
1218 4060 1315 4125 bona
1335 4077 1401 4124 sua
1414 4067 1451 4122 et
1464 4051 1705 4120 mercandisas
1718 4067 1802 4116 suas
1816 4048 1893 4115 sine

377 4196 489 4262 talliis
510 4205 548 4262 et
572 4197 716 4282 scriptis
741 4217 850 4284 quam
875 4218 941 4284 per
964 4198 1085 4265 tallias
1110 4218 1174 4264 seu
1194 4195 1328 4281 scripte
1353 4191 1545 4279 aliquando
1565 4209 1629 4275 per
1650 4187 1841 4273 particulas
1856 4194 1893 4251 et

377 4331 571 4416 aliquando
605 4333 644 4398 in
680 4353 808 4419 grosso
842 4345 880 4402 et
916 4335 1030 4402 eciam
1067 4335 1162 4421 quod
1198 4333 1363 4400 homines
1399 4329 1592 4398 seruientes
1617 4336 1653 4394 et
1682 4321 1892 4411 apprenticii

376 4467 579 4536 huiusmodi
619 4479 854 4538 mercatorum
895 4472 990 4538 bona
1018 4480 1056 4538 et
1091 4470 1331 4538 mercandisas
1371 4466 1592 4535 dominorum
1630 4480 1772 4529 suorum
1809 4458 1890 4526 aliis

376 4605 582 4674 hominibus
596 4607 658 4673 vbi
684 4606 873 4675 intendunt
888 4627 953 4694 per
976 4608 1047 4676 hoc
1068 4606 1242 4676 utilitates
1256 4615 1294 4672 et
1308 4603 1496 4672 commoda
1514 4599 1736 4667 dominorum
1750 4615 1893 4664 suorum

377 4742 492 4810 facere
507 4746 856 4831 apprestantoodem
880 4747 995 4814 modo.
1041 4746 1130 4814 Cum
1154 4747 1279 4810 durum
1295 4753 1331 4809 et
1347 4742 1503 4808 maxirne
1526 4737 1700 4806 tediosum
1727 4747 1764 4802 et
1791 4732 1894 4818 quasi

378 4901 468 4950 onus
487 4892 525 4950 et
547 4882 837 4970 impedimentum
864 4885 1072 4952 continuum
1097 4891 1193 4950 esset
1209 4881 1344 4948 eisdem
1372 4889 1410 4946 et
1434 4876 1619 4965 presertim
1640 4871 1893 4941 mercatoribus

376 5016 583 5084 victualium
597 5018 630 5084 si
644 5019 797 5106 singulis
809 5020 949 5086 vicibus
961 5022 1007 5087 de
1024 5019 1188 5086 omnibus
1214 5017 1399 5104 particulis
1423 5011 1721 5082 mercandisarum
1744 5025 1887 5074 sumum

376 5173 468 5240 quas
480 5155 520 5221 in
533 5155 685 5223 diuersis
694 5156 912 5244 temporum
936 5166 974 5224 et
998 5157 1133 5223 dierum
1157 5154 1256 5222 horis
1271 5154 1317 5221 de
1333 5159 1501 5239 appresto
1514 5149 1659 5216 tradunt
1679 5144 1799 5212 tallias
1825 5159 1889 5208 seu
