4975 6309
596 798 646 869 ⁶6
934 793 1031 886 doe
1054 794 1193 886 little
1217 796 1316 887 ‘tice
1340 798 1468 889 Boot
1494 799 1544 888 ot
1576 798 1761 889 Bnotot

630 925 637 962 i

576 1003 712 1072 -Curie
756 1005 830 1074 Sed
856 1007 888 1074 si
910 1007 1001 1076 forte
1023 1010 1218 1078 defendens
1241 1031 1314 1079 non
1340 1013 1481 1080 dedicat
1506 1013 1714 1098 simpliciter
1741 1013 1875 1080 dictum
1899 1023 2105 1099 querentem

596 1143 660 1208 sed
682 1156 876 1231 cognoscat
898 1148 994 1232 quod
1019 1148 1097 1234 ipse
1121 1147 1191 1216 sibi
1215 1150 1407 1235 aliquando
1432 1150 1471 1216 iu
1495 1149 1561 1216 tali
1586 1149 1707 1216 debito
1729 1149 1926 1230 tenebatur,
1952 1158 1989 1216 et
2010 1148 2105 1235 quod

595 1277 642 1344 de
666 1280 790 1346 eodem
814 1281 935 1348 debito
958 1281 1029 1349 sibi
1053 1282 1125 1350 iam
1148 1284 1211 1351 diu
1233 1294 1289 1352 est
1317 1285 1422 1351 tuerit
1439 1283 1675 1360 satisfactum
1706 1292 1743 1350 et
1771 1284 1896 1351 eodem
1925 1283 2032 1352 modo
2059 1286 2106 1352 de

595 1416 845 1498 conuencione,
861 1419 1069 1488 detencione
1088 1429 1127 1487 et
1148 1421 1229 1488 aliis
1254 1422 1407 1507 querelis
1428 1429 1468 1487 vt
1496 1420 1542 1487 de
1569 1421 1863 1508 transgressione,
1893 1421 2104 1506 imptisona·

595 1560 717 1616 mento
745 1558 782 1618 et
810 1552 892 1620 aliis
919 1556 1062 1641 placitis
1090 1559 1138 1624 ad
1166 1557 1300 1623 curiam
1330 1555 1573 1622 mercatoriam
1607 1556 1866 1642 pertinentibus
1894 1558 2103 1626 adminsmr

594 1685 649 1753 eis
687 1688 866 1772 probacio,
906 1690 992 1777 quia
1035 1693 1119 1760 licet
1165 1693 1264 1778 prius
1301 1691 1415 1758 fuerat
1452 1691 1615 1760 defensor
1658 1713 1752 1759 nunc
1789 1713 1853 1779 per
1899 1694 2102 1761 huiusmodi

594 1825 861 1910 responsionem
894 1827 1060 1896 deueniet
1094 1841 1203 1896 actor.
1247 1829 1296 1895 Et
1326 1827 1507 1895 sciendum
1535 1830 1632 1913 quod
1659 1829 1859 1914 quicunque
1888 1830 1996 1896 cadat
2023 1829 2100 1896 siue

596 1981 749 2046 querens
791 1965 868 2031 siue
904 1965 1068 2034 defensor
1104 1987 1245 2054 semper
1288 1967 1383 2033 cadit
1426 1965 1464 2032 in
1507 1964 1674 2051 dampnis
1712 1974 1750 2031 et
1786 1965 1955 2052 expensis
2003 1965 2101 2032 illius

595 2118 754 2186 proquo
777 2101 945 2170 iudicium
970 2104 1138 2172 redditur.

600 2371 756 2501 Quom
823 2409 1217 2488 MERCATORES
1283 2407 1722 2486 responsuram?
1779 2407 1865 2485 DE
1931 2407 2102 2484 Boms

593 2538 896 2655 Momm
946 2578 1352 2656 APPRENTJCJJS
1406 2575 1494 2652 ET
1546 2573 2101 2652 suensncnronmos

1261 2745 1392 2822 sols

724 2933 819 3020 Quia
850 2937 1060 3004 multociens
1087 2945 1125 3002 et
1151 2934 1384 3003 communiter
1411 2933 1562 3020 contigit
1590 2935 1685 3018 quod
1715 2931 1930 3018 apprenticii,
1952 2941 1990 2998 et
2018 2931 2102 2997 sub·

593 3081 805 3138 mercatores
836 3073 897 3158 qui
935 3075 1002 3140 sub
1035 3073 1190 3141 dominis
1226 3072 1302 3140 suis
1341 3071 1481 3156 publice
1520 3079 1556 3136 et
1596 3067 1783 3136 manifeste
1827 3067 2100 3147 mercandisant,

591 3209 790 3292 pecuniam,
813 3211 910 3276 bona
930 3219 968 3276 et
993 3209 1231 3277 mercandisas
1256 3211 1301 3276 ad
1326 3229 1416 3294 opus
1440 3207 1663 3274 dominorum
1697 3225 1839 3273 suorum
1862 3205 1916 3272 eis
1948 3203 2101 3271 mutuari

591 3356 628 3412 et
656 3347 878 3412 accomodari
905 3356 1105 3432 procurem,
1135 3347 1264 3432 quibus
1292 3343 1520 3430 apprenticiis
1547 3353 1585 3410 et
1611 3343 1873 3425 mercatoribus,
1900 3341 2031 3408 sicum
2056 3360 2097 3408 se

590 3479 680 3565 ipsis
713 3491 832 3546 essent
860 3490 898 3548 et
925 3501 998 3548 non
1026 3502 1106 3548 cum
1134 3483 1336 3549 huiusmodi
1359 3481 1513 3549 dominis
1541 3481 1611 3567 ipsi
1636 3490 1849 3559 mutuantes,
1875 3480 1977 3545 nulla
2000 3479 2096 3545 bona

590 3615 736 3683 omnino
763 3617 817 3684 eis
845 3618 1023 3685 traderent
1035 3643 1045 3694 ;
1085 3619 1124 3686 in
1149 3639 1219 3704 quo
1249 3639 1335 3687 casu
1362 3629 1419 3686 est
1447 3619 1648 3686 ordinatum
1677 3618 1773 3701 quod
1801 3614 1937 3681 domini
1972 3614 2094 3680 huius·

590 3754 687 3821 modi
745 3755 1041 3841 apprenticiorum
1087 3766 1125 3823 et
1169 3758 1468 3824 submercatorum
1520 3755 1758 3842 respondeant
1810 3752 1934 3818 eodem
1989 3750 2104 3818 modo

590 3891 636 3956 de
692 3890 895 3958 huiusmodi
950 3892 1055 3959 bonis
1106 3902 1144 3958 et
1175 3894 1425 3960 mercandisis
1481 3891 1534 3959 eis
1591 3910 1657 3977 per
1688 3909 1841 3960 ¹manus
1894 3888 2097 3955 huiusmodi

590 4027 885 4114 apprenticiorum
929 4039 966 4095 et
1009 4031 1308 4096 submercatorum
1345 4048 1488 4095 suorum
1527 4044 1747 4112 quocumque
1791 4025 1897 4091 modo
1931 4023 2095 4101 traditis;

590 4186 633 4233 ec
690 4165 722 4233 si
768 4165 912 4252 ipsimet
967 4165 1091 4232 eadem
1145 4167 1242 4232 bona
1302 4174 1338 4231 st
1394 4163 1633 4232 mercandisas
1690 4180 1754 4247 per
1818 4179 1901 4227 suas
1967 4179 2094 4226 manus

589 4302 751 4389 proprias
784 4302 999 4388 recepissent
1027 4303 1086 4370 Ita
1125 4313 1244 4370 tamen
1274 4305 1369 4388 quod
1409 4302 1478 4390 ipsi
1513 4299 1722 4388 apprenticii
1750 4307 1788 4366 et
1817 4301 2097 4366 submercatoros

590 4448 850 4524 cognoscantur
883 4440 949 4505 sub
984 4439 1186 4506 huiusmodi
1228 4439 1383 4507 dominis
1426 4440 1500 4506 suis
1537 4449 1574 4507 at
1611 4457 1691 4506 cum
1742 4439 1847 4506 bonis
1893 4439 2096 4505 eorumdem

591 4574 813 4641 dominorum
847 4585 996 4643 anteat
1029 4585 1112 4662 post
1143 4576 1346 4644 huiusmodi
1382 4576 1643 4644 mutuacionem
1680 4595 1744 4643 seu
1777 4574 2008 4643 tradicionem
2039 4575 2097 4642 vel

591 4710 710 4778 saltim
724 4720 882 4798 tempore
895 4712 1099 4780 huiusmodi
1112 4715 1326 4781 mutacionis
1341 4713 1410 4801 (ric)
1425 4723 1462 4780 et
1476 4711 1682 4780 tradicionis
1698 4710 1883 4778 manifeste
1897 4710 2098 4778 ministrare

590 4860 628 4916 et
662 4853 932 4935 mercandisare,
968 4855 1126 4922 habeant
1159 4854 1272 4921 eciam
1321 4861 1531 4919 mercatores
1567 4851 1717 4916 eandem
1753 4849 1934 4916 accionem
1974 4869 2098 4916 versus

588 5005 827 5073 quoscumque
856 4990 902 5055 ad
930 4993 1122 5075 petendum
1150 4991 1247 5058 bona
1274 4999 1311 5055 et
1339 4987 1579 5055 mercandisas
1607 5005 1691 5054 suas
1719 4987 1751 5052 si
1773 4985 1977 5054 huiusmodi
2001 4987 2097 5054 bona

589 5131 626 5189 et
659 5120 880 5192 rnerc'andise
907 5135 1123 5211 apprestata,
1152 5127 1295 5207 tradita,
1325 5126 1387 5190 sed
1416 5122 1648 5210 quouismodo
1680 5121 1833 5189 liberata
1867 5121 1998 5190 fuerint
2032 5141 2098 5209 per
