4975 6309
763 772 860 865 libe
883 772 1021 864 little
1046 774 1144 865 lico
1169 774 1298 868 Sosi
1323 779 1374 869 oi
1403 778 1592 871 ntutol.
1856 803 1927 876 22³

425 982 580 1051 Blanket
600 1004 648 1051 ex
667 995 770 1071 parte
790 1006 862 1054 vna
882 996 920 1055 et
940 988 1090 1075 shopam
1113 988 1267 1057 Abbatis
1287 999 1324 1059 et
1345 990 1550 1061 conuentus
1571 991 1697 1060 Sancti
1725 952 1930 1080 Augustini,

425 1118 617 1205 Bristollie,
653 1142 700 1191 ex
741 1133 844 1211 parte
890 1125 1012 1207 altera,
1048 1124 1088 1193 iu
1130 1144 1203 1212 qua
1242 1126 1426 1211 ‚lohannes
1461 1128 1562 1219 Pylre
1596 1128 1656 1197 die
1697 1128 1932 1198 confessionis

425 1260 646 1346 presencium
682 1259 870 1329 inhabitat.
927 1262 1009 1331 Due
1044 1265 1157 1351 shopc
1191 1284 1272 1333 cum
1309 1267 1384 1333 suis
1418 1266 1646 1353 pertinenciis
1681 1266 1858 1333 situantur
1892 1266 1931 1333 in

426 1396 514 1463 villa
541 1396 723 1465 Bristollie
751 1398 789 1467 iu
816 1399 898 1467 vico
925 1408 1052 1469 vocato
1079 1398 1331 1489 Wyncbestret
1358 1402 1451 1469 inter
1477 1410 1718 1470 tenementum
1745 1400 1932 1488 Radulphi

427 1530 545 1601 Colles
573 1552 619 1600 ex
647 1543 749 1621 parte
776 1554 848 1603 vna
876 1544 913 1603 et
941 1537 1090 1623 sbopam
1119 1536 1275 1605 Abbatis
1303 1546 1341 1603 et
1368 1537 1574 1605 Conuemus
1601 1540 1648 1605 de
1681 1538 1931 1626 Tewlresbury,

428 1664 499 1759 [in]
528 1688 600 1757 qua
627 1670 804 1740 inhabitat
832 1673 891 1740 die
919 1672 1153 1742 confectionis
1177 1672 1398 1759 presencium
1423 1673 1580 1742 Thomas
1604 1674 1839 1762 Nortbgroue.
1882 1673 1933 1741 Et

427 1826 500 1875 vna
532 1808 646 1895 shopa
677 1828 757 1877 cum
787 1810 861 1877 suis
889 1810 1119 1897 pertinenciis
1149 1810 1302 1877 situatur
1332 1812 1371 1877 in
1403 1811 1582 1879 suburbiis
1611 1810 1792 1880 Bristollie
1827 1830 1934 1899 super

431 1942 573 2032 Keyam
602 1944 696 2014 inter
723 1946 873 2033 shopam
902 1946 1035 2016 Prioris
1065 1958 1101 2015 et
1127 1948 1332 2017 Conuentus
1360 1946 1486 2017 Sancti
1511 1948 1649 2033 Jacobi,
1673 1948 1865 2033 Brlstollie,
1886 1967 1933 2016 ex

427 2090 531 2169 parte
571 2102 644 2151 vna
686 2092 723 2151 et
765 2084 915 2171 sbopam
958 2083 1108 2152 Ricardi
1151 2082 1348 2173 Cobyndon
1392 2104 1439 2153 ex
1480 2096 1583 2173 perte
1617 2086 1742 2168 altera,
1777 2085 1817 2153 in
1861 2105 1934 2173 qua

428 2218 643 2307 Radulphus
700 2220 855 2290 Blanlret
912 2222 1089 2289 inhabitat
1146 2222 1205 2289 die
1262 2219 1497 2290 conleccionls
1558 2221 1792 2309 presencium.
1871 2220 1934 2289 Aa

429 2356 680 2425 inuenientium
721 2378 831 2426 unum
883 2360 1105 2445 capellanum
1157 2357 1281 2425 diuina
1323 2357 1476 2445 singuiis
1513 2358 1640 2425 diebus
1678 2359 1935 2427 celebramrum

332 2541 340 2556 .
430 2492 688 2581 imperpetuum
717 2492 755 2563 iu
783 2494 937 2581 quodam
966 2493 1131 2563 Oratorlo
1159 2491 1253 2561 infra
1280 2495 1480 2581 cappellam
1504 2494 1619 2563 Beate
1639 2493 1755 2561 Maris
1774 2494 1937 2583 Virginis

236 3332 322 3384 Nom
337 3344 376 3384 nr

222 3407 390 3449 vncscronr

227 3472 383 3514 curram

430 2630 577 2700 ecclesie
605 2630 730 2701 Sancti
758 2628 934 2719 Stephani
962 2630 1024 2698 vbi
1051 2650 1179 2717 corpus
1207 2628 1391 2697 Edmuudi
1420 2629 1575 2697 Blanket
1607 2629 1705 2715 jacet
1739 2628 1935 2711 humatum,

428 2788 494 2855 pro
516 2768 704 2837 minaeus
723 2769 875 2857 preme
894 2768 1076 2873 eumuna
1096 2768 1262 2849 Blanket,
1284 2765 1724 2855 macaronesum
1746 2748 1957 2852 eemunu'

430 2904 566 2973 meme
594 2906 759 2989 elamet,
790 2868 1122 3011 Quemne
1149 2921 1186 2973 et
1214 2902 1333 2971 usse
1361 2904 1482 2972 vxorn
1511 2904 1598 2990 ejus,
1636 2904 1785 2973 uentre
1813 2869 1936 2995 'v'y‘eu

430 2994 576 3125 ωἶιῖ
594 3040 728 3107 salubri
763 3049 860 3108 statu
894 3041 1098 3129 margarete
1132 3040 1254 3109 vxons
1291 3038 1442 3127 premoti
1482 3038 1673 3121 summer
1714 3039 1864 3128 usiam
1900 3051 1938 3108 et

432 3174 704 3245 Commtmitatis
724 3176 809 3245 ville
829 3164 1021 3259 Bristollie,
1043 3187 1081 3245 et
1101 3178 1288 3246 animabus
1310 3176 1470 3245 omnium
1495 3173 1652 3243 fidelium
1683 3175 1938 3259 defunctorum,

430 3320 467 3377 et
494 3322 535 3379 vt
565 3313 724 3381 cantaria
759 3314 940 3382 Edmundi
974 3316 1130 3382 Blanlret
1164 3316 1424 3401 imperpetuum
1452 3310 1520 3377 erit
1548 3322 1762 3398 nuncupata.
1822 3312 1937 3399 Quem

431 3447 573 3533 quidem
602 3452 825 3537 capellanum
854 3462 891 3519 et
918 3453 995 3539 ejus
1024 3470 1241 3520 successores
1270 3449 1389 3535 Maior
1415 3448 1500 3515 ville
1525 3413 1708 3517 Brlstollie
1727 3458 1765 3517 et
1785 3470 1938 3537 persona

204 3550 407 3644 mmo
433 3585 527 3653 dicte
564 3588 713 3655 ecclesie
749 3586 873 3656 Sancti
906 3587 1082 3676 Stephani
1110 3588 1171 3675 qui
1199 3607 1265 3675 pro
1294 3597 1453 3671 tempore
1480 3582 1610 3651 tuerint
1644 3595 1683 3654 et
1718 3578 1938 3654 successores

238 3656 377 3719 ΜΔΝ,

273 3730 336 3771 mc.

433 3723 489 3790 sui
516 3724 700 3791 nominare
724 3726 866 3808 debent,
902 3726 1086 3812 imponent
1121 3734 1158 3793 et
1193 3724 1391 3793 conferrent
1423 3722 1463 3789 in
1491 3721 1696 3791 Cauterium
1727 3722 1935 3809 predictam,

433 3869 470 3928 et
497 3862 666 3946 quociens
693 3862 829 3929 tociens
857 3863 1017 3949 predicta
1044 3864 1205 3931 cantaria
1232 3861 1412 3931 vacauerit
1439 3880 1505 3948 per
1539 3869 1700 3940 mamm,
1730 3858 1937 3942 cessionem,

431 3994 722 4083 resignaciomm,
765 3998 1048 4084 depriuacionem
1091 4000 1150 4067 vel
1192 3998 1302 4066 aliam
1351 4017 1497 4065 causam
1547 3996 1745 4103 legitimam
1787 3994 1937 4080 predicti

433 4130 609 4217 capellani
643 4141 681 4201 et
712 4150 952 4201 successorum
982 4154 1135 4217 suorum,
1164 4134 1283 4223 Major
1309 4136 1395 4202 ville
1422 4133 1581 4223 predicte
1609 4143 1646 4203 et
1666 4152 1819 4219 persona
1843 4132 1938 4199 dicte

432 4266 579 4337 ecclesie
607 4278 644 4336 et
672 4288 891 4339 successores
919 4272 975 4339 sui
1010 4274 1072 4359 qui
1106 4292 1172 4359 pro
1207 4282 1367 4359 tempore
1401 4271 1532 4340 luerint
1568 4268 1677 4337 alium
1712 4267 1936 4354 capellanum

432 4414 470 4472 et
488 4424 677 4492 personam
698 4406 862 4476 idoneam
884 4408 922 4476 in
944 4408 1148 4478 Centuriam
1169 4410 1365 4497 predictam
1394 4407 1592 4476 conferrent
1619 4406 1712 4474 sicut
1738 4405 1935 4493 predicmm

434 4551 498 4610 est.
541 4540 591 4611 Et
615 4542 647 4611 si
674 4543 824 4629 predicti
860 4542 978 4630 Maior
1012 4553 1050 4612 et
1083 4563 1237 4631 persona
1271 4545 1334 4632 qui
1368 4564 1434 4630 pro
1469 4552 1629 4629 tempore
1662 4540 1792 4607 merim
1830 4559 1937 4626 super

437 4677 718 4747 dominacionem
739 4770 741 4775 ,
760 4680 910 4766 predicti
953 4680 1129 4767 capellani
1168 4682 1215 4747 ad
1254 4681 1449 4767 predictam
1481 4678 1687 4748 Centuriam
1716 4676 1936 4746 conierreudi

435 4814 646 4881 concordare
673 4812 766 4882 infra
793 4834 950 4882 mensem
980 4824 1239 4903 postmortem
1268 4816 1417 4902 alicujus
1445 4814 1622 4903 capellani
1649 4814 1744 4883 dicte
1779 4814 1937 4881 cantaria

435 4968 508 5017 non
535 4958 712 5037 poterunt,
740 4961 871 5020 amne
898 4954 990 5021 bene
1019 4953 1141 5021 licebit
1168 4953 1299 5041 Maiori
1319 4954 1404 5021 ville
1424 4953 1581 5040 predicte
1608 4951 1671 5039 qui
1690 4971 1756 5039 pro
1777 4960 1936 5036 tempore

434 5084 538 5155 feeit
566 5096 602 5154 et
631 5088 890 5157 successoribus
919 5090 993 5158 suis
1020 5110 1208 5177 personam
1236 5093 1413 5179 ydoneam
1441 5090 1480 5158 iu
1505 5088 1710 5188 Cauterium
1739 5086 1935 5174 predictam
