4975 6309
694 733 792 891 sse
815 800 955 892 sutae
979 803 1077 893 see
1102 803 1231 894 soon
1256 800 1317 895 or
1336 807 1523 898 suetos
1809 831 1857 907 47

356 1023 500 1083 countre
512 1016 550 1081 la
563 1034 647 1101 peez
662 1033 709 1081 ne
731 1015 1026 1102 meyntendroms.
1072 1017 1120 1083 Et
1141 1018 1194 1085 les
1215 1018 1398 1106 dreytures
1420 1039 1540 1106 queux
1560 1019 1801 1106 appendente
1815 1041 1856 1088 se

355 1170 507 1219 eoroune
527 1150 735 1218 fermement
755 1151 961 1236 garderoms
985 1161 1023 1217 et
1050 1150 1305 1220 defenderoms.
1350 1153 1399 1221 Et
1420 1175 1486 1223 son
1509 1156 1653 1244 conseyl
1675 1155 1855 1222 celeroms.

354 1286 402 1355 Et
415 1287 469 1354 les
482 1287 597 1354 dettes
610 1288 727 1356 dewes
741 1307 764 1352 a
778 1295 879 1353 notre
892 1307 1049 1376 seygnur
1061 1288 1097 1354 le
1114 1288 1196 1375 Rey
1217 1299 1255 1355 et
1275 1291 1438 1358 madame
1460 1292 1496 1357 la
1514 1289 1642 1379 Reyne
1662 1291 1857 1378 loyalment

354 1424 536 1492 leueroms.
581 1423 630 1490 Et
643 1421 773 1513 loye[l]
788 1434 950 1510 aeompte
964 1426 1009 1492 de
1024 1408 1299 1494 ceo'rendroms.
1344 1427 1393 1494 Et
1414 1427 1467 1494 les
1488 1427 1646 1495 dettours
1661 1429 1724 1496 des
1738 1447 1856 1514 queux

354 1579 441 1646 ryen
455 1579 617 1626 averoms
637 1578 741 1626 receu
766 1561 802 1625 al
823 1580 911 1645 eops
930 1570 1031 1629 notre
1053 1581 1229 1650 seygneur
1247 1564 1283 1630 le
1301 1583 1364 1649 rey
1383 1584 1429 1631 ou
1449 1585 1472 1631 a
1491 1585 1551 1631 ma
1575 1566 1668 1632 diste
1690 1567 1794 1632 dame
1818 1565 1856 1632 le

354 1695 483 1782 Royne
501 1695 696 1782 loyalment
718 1695 963 1781 acquiteroms.
1006 1697 1055 1766 Et
1075 1698 1110 1766 le
1131 1701 1259 1784 poeple
1281 1701 1393 1787 deynz
1415 1710 1510 1768 oeste
1531 1701 1731 1770 fraunchise
1744 1703 1855 1770 bone-

352 1842 451 1901 ment
463 1843 658 1901 treteroms.
702 1834 751 1900 Et
763 1837 850 1901 swel
864 1835 969 1922 dsoyt
981 1835 1090 1904 froms
1103 1845 1228 1904 ateunt
1248 1858 1289 1905 as
1309 1839 1448 1923 priveez
1465 1860 1565 1906 come
1579 1860 1620 1907 as
1634 1848 1853 1928 estraunges,

352 1970 467 2037 riches
495 1980 532 2038 et
556 1991 695 2057 poures,
724 1991 748 2037 a
776 1982 877 2040 notre
905 1974 1052 2040 escient„
1095 1973 1145 2040 Et
1173 1975 1261 2060 nuly
1290 1973 1395 2061 droyt
1423 1995 1469 2042 ne
1497 1976 1780 2044 destourberoms
1809 1996 1856 2044 ne

352 2107 583 2195 deleyeroms.
627 2108 676 2175 Et
689 2111 754 2178 des
772 2109 1008 2176 enditementz
1025 2108 1107 2176 faitz
1128 2110 1285 2177 deveant
1305 2130 1395 2178 nous
1416 2112 1511 2198 loyal
1529 2113 1720 2180 execucion
1733 2112 1853 2180 fimus.

355 2244 403 2312 Et
417 2263 526 2312 saunz
540 2246 603 2311 nul
616 2247 857 2314 ooneelement
870 2247 915 2314 de
929 2265 992 2313 ceo
1005 2245 1093 2313 faire
1107 2247 1262 2314 devaunt
1276 2249 1329 2314 les
1348 2247 1501 2330 Justices
1522 2258 1624 2317 notre
1645 2269 1801 2336 seygnur
1822 2250 1857 2316 le

357 2381 440 2468 Rey
469 2401 492 2448 a
520 2383 598 2450 lout
626 2383 803 2451 sessiones
831 2384 1027 2470 loyalment
1054 2385 1108 2450 les
1136 2393 1405 2470 presenteroms
1464 2383 1513 2450 Et
1541 2384 1593 2450 les
1621 2383 1728 2452 briefs
1757 2394 1857 2453 notre

354 2538 511 2606 seygnur
522 2520 558 2586 le
571 2519 655 2606 Rey
668 2521 909 2588 retournables
924 2541 947 2587 a
960 2539 1051 2588 nous
1064 2521 1192 2588 liverez
1206 2524 1300 2608 byen
1313 2533 1356 2590 et¹
1364 2524 1558 2610 loyalment
1572 2544 1595 2590 a
1609 2534 1710 2592 notre
1720 2525 1856 2592 ascient

204 2703 213 2718 .
259 2700 268 2718 .
354 2663 622 2723 retourneroms.
666 2656 972 2725 Etlafraunchise
981 2657 1027 2723 de
1037 2665 1133 2724 ceste
1142 2658 1227 2724 ville
1241 2678 1264 2723 a
1278 2667 1379 2724 notre
1392 2677 1506 2746 poeyr
1518 2670 1555 2726 et
1569 2679 1592 2724 a
1605 2668 1707 2730 notre
1721 2661 1857 2728 escient

356 2811 466 2859 saum
486 2792 640 2878 damage
660 2793 856 2860 salvament
872 2793 1078 2879 garderoms
1095 2801 1133 2860 et
1146 2791 1392 2862 defenderoms
1411 2814 1455 2882 sy
1475 2795 1594 2881 dyeux
1614 2815 1705 2863 nous
1718 2797 1809 2883 eyde
1822 2806 1860 2864 et

357 2932 419 3018 luy
431 2941 566 3019 seyntz.

612 3251 1063 3331 SACRAMENTUM
1097 3251 1607 3331 SENESCALLORUM.

486 3427 559 3496 Ceo
573 3437 674 3516 oyetz
688 3447 777 3496 vous
790 3429 906 3496 Meire
919 3439 956 3496 et
968 3431 1081 3497 bones
1094 3438 1200 3516 gentz
1214 3450 1260 3515 qe
1282 3447 1372 3496 nous
1387 3447 1538 3495 setroms
1551 3427 1674 3516 foyelx
1687 3437 1723 3494 et
1737 3429 1859 3514 loyelx

358 3586 381 3632 e
395 3575 496 3632 notre
509 3585 666 3653 seygnur
679 3565 715 3634 le
729 3565 812 3652 Rey
826 3574 863 3632 et
877 3585 900 3630 a
913 3585 972 3632 ses
984 3566 1091 3653 heyrs
1105 3575 1141 3632 et
1155 3566 1350 3652 loyalment
1363 3563 1509 3631 ferroms
1523 3572 1560 3630 et
1574 3564 1860 3650 menteyndroms

355 3700 391 3766 le
404 3719 569 3766 commun
582 3699 688 3792 profit
702 3699 747 3766 de
761 3700 798 3766 le
812 3698 904 3766 diste
917 3698 1002 3766 ville
1015 3699 1061 3766 de
1074 3699 1225 3767 Bristuit
1236 3710 1273 3767 et
1284 3720 1351 3785 pur
1365 3701 1428 3767 nul
1442 3701 1601 3788 singulos
1614 3698 1719 3785 profit
1733 3719 1796 3768 ceo
1810 3721 1856 3770 ne

353 3837 511 3904 lerroms.
554 3837 606 3904 Le
619 3856 784 3904 commun
801 3847 915 3904 tresor
926 3836 972 3903 de
988 3837 1026 3903 la
1046 3837 1139 3904 diste
1158 3835 1257 3918 ville,
1278 3838 1445 3918 chartres,
1468 3835 1693 3916 munimem,
1716 3837 1857 3904 recordz

355 3981 392 4038 et
405 3980 498 4040 tetes
512 3973 621 4040 altres
633 3974 939 4040 remembraunoes
952 3983 989 4041 et
1003 3975 1127 4042 choses
1142 3994 1165 4041 a
1184 3993 1275 4042 nous
1289 3975 1417 4042 liverez
1431 3993 1540 4041 saunz
1554 3993 1642 4062 ryen
1655 3974 1798 4042 besillsr
1811 3994 1858 4042 ou

359 4117 532 4204 eloygner
544 4117 743 4183 salvement
756 4099 972 4202 gemeretis.
1017 4117 1066 4185 Et
1087 4137 1109 4184 e
1128 4119 1211 4203 quel
1232 4116 1341 4185 heure
1362 4137 1407 4204 qe
1428 4135 1518 4184 nous
1532 4135 1685 4184 serroms
1699 4116 1745 4184 de
1758 4125 1860 4184 notre

356 4257 457 4326 offioe
469 4278 619 4338 remuez,
633 4258 683 4325 Al
697 4257 803 4343 profit
816 4261 862 4326 de
875 4261 912 4326 la
925 4260 1018 4327 diste
1032 4261 1290 4328 communaltee
1307 4261 1537 4328 entierement
1558 4261 1612 4326 les
1632 4260 1858 4348 relyveroms.

357 4401 406 4469 Et
428 4403 492 4470 des
520 4413 613 4470 tetes
634 4421 795 4470 maneres
817 4403 942 4471 choses
962 4423 1008 4490 qe
1028 4424 1119 4472 nous
1140 4405 1174 4472 el
1195 4423 1292 4471 noun
1314 4413 1351 4471 et
1370 4423 1439 4491 pur
1459 4403 1495 4472 le
1514 4401 1621 4490 profit
1643 4404 1689 4472 de
1708 4404 1746 4469 le
1766 4403 1861 4471 diste

356 4548 612 4614 communaltee
632 4565 849 4613 reoeveroms
869 4549 1064 4633 loyalment
1084 4568 1176 4616 nous
1196 4549 1432 4634 chargeroms.
1477 4545 1526 4615 Et
1546 4547 1610 4614 des
1630 4555 1722 4615 tetes
1739 4547 1859 4627 mises,

357 4699 524 4778 custages
537 4699 575 4758 et
588 4691 780 4776 desponsos
793 4710 860 4776 par
873 4693 1166 4760 comaundement
1184 4693 1220 4759 le
1241 4691 1336 4758 Mair
1355 4710 1403 4758 ou
1423 4709 1491 4776 pur
1510 4691 1545 4758 le
1566 4709 1730 4763 commun
1755 4687 1861 4775 profit

358 4833 404 4899 de
431 4835 469 4900 la
497 4833 590 4900 diste
617 4832 704 4900 ville
731 4832 835 4901 faites
856 4843 968 4920 qaunt
988 4844 1025 4901 et
1046 4854 1070 4900 s
1097 4835 1181 4921 quel
1208 4835 1318 4902 heure
1346 4853 1392 4920 qe
1419 4852 1509 4901 nous
1538 4851 1689 4901 serroms
1719 4833 1765 4902 de
1796 4853 1861 4900 oso

357 4977 641 5045 resonablement
671 4976 795 5062 gerniz
830 4977 927 5064 loyel
956 4988 1118 5064 aoompte
1152 4976 1199 5044 de
1232 4993 1297 5043 ceo
1329 4974 1521 5041 rendroms.
1566 4974 1615 5042 Et
1644 4974 1728 5042 nule
1758 4973 1861 5042 rause

358 5117 561 5185 alowaunce
580 5137 627 5185 ne
640 5118 913 5186 demaundroms
926 5139 970 5208 sy
982 5119 1091 5186 (lieux
1105 5138 1194 5186 nous
1207 5117 1298 5206 eyde
1311 5127 1348 5186 et
1361 5118 1424 5206 luy
1437 5125 1570 5204 seyntz.
