4975 6309
775 739 872 831 obe
896 739 1034 831 little
1059 741 1157 831 'dieb
1182 742 1311 833 Book
1336 746 1386 834 of
1416 746 1606 837 aristot.
1865 774 1936 849 235

435 952 607 1033 kaiamm,
644 973 821 1021 murorum
859 966 894 1021 et
931 955 1126 1041 pauimenti
1165 956 1249 1023 ville
1282 960 1439 1043 predicte
1478 981 1586 1045 quam
1623 962 1743 1046 pontis
1780 962 1937 1047 ejusdem

435 1090 519 1155 ville
558 1090 620 1175 qui
658 1092 787 1159 nedum
827 1112 891 1179 per
927 1094 1174 1163 vehementum
1212 1115 1304 1181 aque
1343 1116 1483 1164 cursum
1512 1100 1637 1164 subtus
1665 1108 1809 1184 pontem
1839 1099 1940 1165 illum

436 1224 578 1292 fluentis
606 1235 644 1292 et
670 1224 861 1307 refluentis,
890 1231 1123 1299 verumeciam
1152 1252 1216 1319 per
1238 1234 1445 1300 continuum
1474 1235 1662 1300 transitum
1690 1244 1728 1301 et
1760 1254 1940 1301 accessum

437 1363 654 1431 diuersorum
706 1368 994 1452 summagiorum,
1050 1380 1265 1438 carectarum
1319 1382 1357 1439 et
1409 1371 1559 1438 aliorum
1599 1370 1834 1457 cariagiorum
1876 1389 1942 1455 per

435 1509 580 1586 pontem
615 1501 716 1567 illum
749 1503 1011 1569 transeuntium
1047 1504 1162 1571 indies
1197 1507 1386 1591 pejoratur,
1415 1506 1621 1572 debilitatur
1656 1518 1691 1572 et
1719 1504 1941 1591 dirumpitur,

436 1638 570 1703 habent
610 1648 645 1703 et
685 1638 871 1719 sustinent,
912 1658 1043 1725 eosque
1082 1661 1130 1707 ex
1171 1661 1265 1709 nunc
1307 1645 1474 1710 continue
1513 1646 1645 1710 habere
1688 1652 1726 1709 et
1768 1642 1941 1709 sustinere

437 1774 625 1861 oportebit,
661 1775 706 1841 de
731 1775 853 1861 gracia
876 1785 999 1843 nostra
1023 1778 1169 1865 speciali
1189 1799 1231 1845 ac
1257 1780 1302 1847 de
1325 1781 1546 1847 auisamento
1566 1790 1603 1847 et
1629 1798 1778 1847 assensu
1800 1779 1941 1847 consilii

436 1916 549 1981 nostri
577 1916 815 1983 concessimus
843 1915 973 2000 Maiori
1003 1926 1039 1982 et
1069 1916 1322 1983 communitati
1350 1918 1507 2001 ejusdam
1533 1917 1617 1983 ville
1645 1916 1708 2001 qui
1735 1934 1830 1981 nunc
1858 1925 1941 1981 sunt

436 2054 494 2118 vel
533 2052 594 2137 qui
637 2072 703 2138 pro
749 2063 907 2139 tempore
959 2064 1062 2121 erunt
1113 2056 1208 2139 quod
1260 2055 1331 2139 ipsi
1383 2054 1567 2139 adquirere
1619 2064 1769 2138 possunt
1817 2062 1940 2129 terras,

437 2200 650 2271 tenementa,
679 2190 897 2257 reuersiones
926 2201 963 2257 et
992 2190 1149 2257 redditus
1177 2190 1270 2256 infra
1302 2192 1424 2257 villam
1459 2190 1654 2276 predictam
1693 2200 1729 2255 et
1771 2188 1940 2255 suburbia

437 2330 594 2414 ejusdem
632 2348 702 2413 que
744 2338 819 2395 tam
859 2330 903 2394 de
943 2328 1047 2394 nobis
1085 2328 1120 2393 in
1159 2328 1335 2414 burgagio
1375 2348 1483 2417 quam
1517 2329 1563 2393 de
1591 2327 1672 2392 aliis
1699 2334 1865 2393 tenentur
1892 2325 1940 2391 ad

436 2464 592 2531 valorem
634 2472 775 2530 centum
816 2464 984 2529 librarum
1024 2482 1088 2549 per
1129 2482 1272 2529 annum.
1340 2462 1519 2530 Habenda
1546 2472 1583 2529 et
1619 2463 1773 2528 tenenda
1807 2460 1942 2527 eisdem

438 2597 567 2684 Majori
596 2609 633 2666 et
661 2599 915 2666 Communitati
943 2618 986 2665 ac
1015 2600 1276 2666 successoribus
1304 2600 1379 2666 suis
1407 2600 1446 2665 in
1471 2598 1769 2667 sustentationem
1795 2616 1941 2663 onerum

438 2738 674 2823 predictorum
714 2737 982 2823 imperpetuum,
1012 2734 1155 2803 statuto
1190 2735 1235 2801 de
1260 2735 1363 2801 terris
1396 2745 1434 2802 et
1469 2732 1682 2801 tenementis
1721 2734 1768 2799 ad
1796 2751 1942 2821 manum

440 2888 612 2942 mortuam
642 2894 714 2942 non
742 2874 917 2960 ponendis
945 2873 1053 2952 edito,
1077 2881 1139 2938 aut
1167 2892 1210 2939 eo
1239 2876 1335 2959 quod
1358 2882 1459 2953 terre,
1484 2881 1697 2953 tenemento,
1722 2871 1942 2939 reuersionas

439 3020 476 3077 et
503 3012 661 3078 redditus
689 3011 849 3097 predicta
877 3011 922 3076 de
950 3010 1054 3077 nobis
1094 3018 1133 3075 vt
1168 3010 1383 3094 premittitur
1419 3020 1606 3077 teneantur
1644 3027 1718 3077 non
1754 3010 1940 3085 obstante;

440 3149 645 3217 dumtamen
684 3167 748 3233 per
785 3146 1036 3231 inquisitiones
1069 3148 1107 3214 in
1135 3149 1203 3213 bac
1232 3158 1335 3233 parte
1360 3148 1552 3235 capiendas
1579 3156 1617 3213 et
1655 3147 1694 3212 in
1729 3144 1943 3212 cancellaria

438 3298 561 3355 nostra
590 3307 653 3354 seu
688 3288 855 3353 heredum
885 3296 1083 3353 nostrorum
1112 3288 1178 3353 rite
1207 3286 1439 3352 retornandas
1467 3293 1684 3370 compertum
1710 3282 1758 3349 sit
1785 3283 1880 3368 quod
1906 3282 1943 3348 id

439 3423 517 3490 fieri
543 3426 658 3511 possit
681 3425 815 3509 absque
843 3424 999 3510 dampno
1028 3433 1064 3489 et
1092 3422 1287 3510 prejudicio
1316 3423 1428 3489 nostri
1456 3424 1514 3488 vel
1542 3422 1710 3487 heredum
1741 3430 1942 3487 nostrorum

440 3580 503 3629 seu
546 3562 694 3628 aliorum
737 3577 1045 3646 quonumcumque.
1104 3556 1148 3622 In
1186 3558 1286 3643 cujus
1328 3558 1380 3623 rei
1418 3556 1659 3623 testimonium
1695 3554 1763 3621 has
1805 3553 1943 3619 litteras

440 3706 592 3796 nostras·
608 3694 684 3761 fien'
712 3694 858 3762 fecimus
886 3704 1059 3781 patentes.
1112 3692 1218 3761 Teste
1251 3713 1309 3760 me
1344 3693 1423 3780 ipso
1459 3693 1554 3779 apud
1587 3688 1943 3759 Westmonasterium

356 3850 359 3855 ’
441 3833 566 3918 quinto
595 3833 732 3899 decimo
760 3833 818 3898 die
847 3832 1053 3913 decembris,
1077 3850 1172 3898 anno
1200 3832 1304 3918 regni
1332 3830 1444 3897 nostri
1469 3828 1731 3915 quartodecimo
1753 3824 1885 3917 {1435}

571 3970 640 4037 Per
669 3970 784 4057 ipsum
815 3970 955 4055 Regem
985 3977 1022 4034 et
1049 3967 1236 4035 consilium
1265 3967 1303 4032 in
1331 3966 1576 4052 parliamento.

292 4282 299 4299 ⁸
343 4285 351 4301 ‚
447 4194 706 4295 Confirmattbn
740 4194 781 4291 by
813 4192 945 4293 ΗΜ
986 4192 1047 4268 VI.
1080 4202 1115 4267 to
1143 4194 1200 4267 tle
1228 4192 1346 4289 Abbey
1378 4190 1424 4289 (ff
1456 4188 1662 4265 Witcand
1690 4192 1730 4265 in
1768 4188 1943 4266 Camar-

443 4346 619 4425 theutin
646 4345 693 4445 <ff
711 4348 757 4421 its
769 4348 973 4446 possaesions
996 4343 1075 4418 and
1086 4342 1284 4444 privileges.
1338 4338 1464 4417 Daod
1483 4364 1528 4435 19
1547 4339 1652 4437 May.
1678 4361 1723 4414 22
1752 4338 1849 4415 Hm.
1878 4338 1941 4416 Vl.

446 4492 590 4597 [1444].
649 4495 804 4571 Astiis
833 4494 1091 4593 Confirmatabn
1118 4520 1190 4570 was
1216 4494 1282 4567 lost
1307 4494 1528 4592 atouguia
1553 4491 1715 4567 rencwed
1774 4512 1816 4565 12
1836 4488 1943 4588 May,

962 4667 1007 4743 25
1036 4645 1133 4722 Hm.
1179 4643 1241 4719 VI.
1282 4638 1425 4744 [1447].

657 4810 747 4877 This
776 4810 924 4879 Charter
952 4812 984 4877 is
1013 4810 1156 4877 entered
1185 4810 1223 4876 in
1252 4810 1314 4877 the
1342 4807 1451 4875 Littlc
1477 4808 1557 4875 Red
1581 4807 1674 4876 Book
1699 4828 1740 4875 as
1765 4827 1788 4874 a
1811 4808 1946 4888 record,

745 4948 806 5013 the
835 4946 967 5013 Monks
995 4948 1035 5017 uf
1059 4946 1268 5014 Whiteland
1290 4946 1428 5033 having
1451 4945 1603 5013 claimed
1625 4945 1828 5032 exemption
1853 4942 1944 5012 dom

745 5084 810 5151 toll
838 5084 952 5151 under
979 5103 1002 5150 a
1030 5093 1137 5172 grant
1165 5083 1255 5151 from
1284 5084 1387 5170 King
1414 5082 1520 5167 John.
