4975 6309
815 746 913 838 ote
937 745 1076 836 little
1100 747 1199 838 titt
1223 748 1352 839 tioolt
1378 750 1427 838 ol
1458 748 1643 839 §dael
1910 771 1982 845 247

478 960 729 1050 Hyghbtygge
742 961 873 1029 ibidem

476 1089 614 1157 Breena

477 1218 670 1305 tympsam

475 1345 654 1433 Barowgh
1275 1342 1346 1413 Pro
1360 1342 1471 1412 tercia
1484 1343 1543 1411 dia
1556 1344 1757 1413 tenendam.

476 1474 679 1542 Burnebam

475 1602 699 1691 Hondespyll

477 1730 627 1799 Pawlett

604 1858 678 1927 Ista
706 1860 828 1927 villata
857 1870 941 1927 sunt
968 1860 1059 1927 inira
1086 1870 1200 1927 motas
1228 1871 1266 1929 et
1295 1860 1436 1926 bundas
1464 1856 1640 1923 libertatis
1675 1854 1760 1922 ville
1798 1854 1980 1923 Bristollia

475 2002 511 2057 et
541 1990 675 2075 absque
702 1998 816 2057 metas
850 1988 868 2075 (
893 1989 900 2001 '
908 1988 926 2075 )
959 1998 995 2055 et
1017 1991 1156 2059 bundas
1181 1991 1260 2080 (sic)
1287 1987 1577 2058 Admirallitatis.
1635 1986 1683 2053 Et
1704 1987 1756 2053 sic
1779 1985 1980 2073 adjudicata

474 2117 614 2185 fitarunt
653 2118 699 2183 ad
739 2116 881 2185 Curiam
925 2126 1059 2185 tantam
1104 2120 1198 2206 apud
1243 2119 1439 2185 Porteebed
1489 2134 1554 2201 per
1605 2114 1778 2181 ‘sbomam
1836 2114 1979 2195 Dawnt,

476 2242 720 2313 Sanascallum
756 2244 914 2323 Ricardi,
945 2244 1093 2313 Comitis
1128 2246 1348 2333 Warrewyk,
1389 2242 1580 2311 Admiralli
1615 2240 1761 2330 Anglie,
1798 2242 1858 2310 die
1895 2242 1979 2310 lune

472 2374 635 2458 proximo
664 2382 748 2439 ante
768 2372 895 2441 fastum
917 2373 1126 2443 Natiuitatis
1149 2374 1274 2443 Sancti
1306 2374 1481 2459 Iohannis
1512 2371 1687 2459 Baptista,
1710 2390 1805 2439 anno
1824 2371 1979 2439 secundo

475 2500 643 2567 Edwardi
672 2498 799 2586 Quarti
828 2500 944 2589 Regis
972 2523 1067 2571 nunc
1095 2500 1226 2596 [t4da].

603 2628 660 2697 On
690 2630 714 2694 i.
749 2634 809 2699 128
838 2630 899 2697 the
927 2631 1109 2719 following
1137 2631 1333 2699 additional
1364 2639 1449 2697 note
1476 2647 1664 2697 occurs:-

601 2757 673 2825 Die
694 2760 778 2825 lune
798 2760 961 2845 proximo
986 2770 1070 2827 anta
1091 2758 1220 2827 festum
1241 2757 1451 2826 Natiuitatis
1474 2754 1600 2824 Sancti
1621 2754 1794 2838 Jobannis
1815 2754 1980 2841 Baptista

475 2904 572 2952 anno
592 2883 747 2976 [blank]¹
763 2887 865 2974 regni
886 2886 981 2972 ragis
1002 2890 1098 2973 apud
1119 2889 1325 2971 Portesbed,
1354 2898 1391 2957 et
1420 2888 1551 2956 ibidem
1581 2886 1788 2973 Portebury,
1817 2884 1979 2969 weston.

475 3011 622 3081 Walton
652 3022 688 3080 et
716 3012 909 3100 Clyvadon.

600 3139 672 3206 Die
707 3141 831 3207 martis
866 3151 951 3208 tunc
986 3142 1146 3227 proxime
1182 3143 1345 3229 sequenti
1383 3144 1478 3228 apud
1515 3141 1751 3228 worspryng,
1780 3151 1817 3209 et
1846 3141 1979 3210 ibidem

473 3267 686 3355 Kyngaston
716 3266 899 3354 Seymour,
929 3268 1062 3350 Worla
1092 3268 1259 3352 Custoke,
1290 3270 1408 3359 Wyke
1438 3270 1563 3339 Sancti
1594 3268 1791 3352 Lauteneii,
1828 3270 1978 3338 Waaton

475 3415 582 3482 supra
595 3396 708 3476 Mare,
738 3396 866 3483 Uphill
894 3405 931 3465 at
960 3396 1108 3465 Bledon.
1215 3428 1216 3431 ¹

468 3567 470 3573 ,
599 3522 670 3590 Dia
698 3524 860 3591 mercurii
883 3536 966 3593 ωηο
994 3527 1155 3611 proxima
1184 3529 1346 3613 sequenti
1375 3529 1471 3614 apud
1510 3526 1748 3615 Highbrigge
1778 3536 1816 3593 et
1845 3526 1977 3594 ibidem

474 3650 600 3732 Brane,
629 3651 833 3738 Lymsbam,
863 3654 1021 3735 Barowe,
1051 3655 1243 3735 Burnham,
1274 3655 1445 3742 Honspill
1474 3664 1511 3721 et
1540 3654 1686 3722 Pawlet.

597 3778 657 3845 He
686 3790 768 3846 sunt
804 3792 897 3848 meta
933 3791 970 3848 et
1003 3784 1123 3851 bunde
1158 3783 1434 3853 Admirallitatis
1466 3784 1648 3852 Bristollia
1687 3781 1890 3866 adjudicate
1928 3782 1977 3847 ad

470 3906 602 3973 curiam
639 3917 774 3975 tentam
811 3910 905 3993 apud
949 3908 1143 3978 Portashed
1185 3931 1251 3998 per
1299 3912 1473 3980 'thomam
1523 3912 1681 3993 Daunta,
1734 3908 1976 3977 Sanescallum

473 4032 620 4101 Ricardi
650 4034 798 4104 Comitis
826 4035 1034 4124 Warrawylt
1062 4037 1254 4105 Admiralii
1282 4039 1427 4127 Anglia.

301 4256 393 4327 noos:
472 4234 613 4311 Rccord
641 4237 728 4334 osa
764 4235 850 4311 Suit
881 4235 991 4335 before
1016 4236 1145 4337 Philip
1177 4238 1310 4329 Made,
1343 4238 1481 4337 Mayor
1505 4238 1552 4337 (ff
1578 4236 1730 4327 Brittod
1763 4236 1978 4336 broughtby

474 4375 575 4471 John
610 4376 739 4467 Foster,
774 4377 893 4453 Prabr
914 4378 960 4477 (ff
985 4378 1155 4471 Witham‚
1187 4380 1246 4457 Co.
1278 4380 1458 4470 somerset,
1485 4382 1629 4480 against
1652 4378 1709 4454 tha
1734 4378 1802 4452 late
1825 4374 1977 4474 Bailaffi

264 4586 428 4639 unom-
468 4521 516 4614 of
540 4518 684 4596 Bnttol
700 4520 773 4619 for
804 4548 854 4597 an
889 4522 1012 4623 illegal
1044 4522 1185 4598 dt'stress
1218 4546 1264 4598 on
1301 4525 1436 4597 certain
1470 4522 1517 4621 <ff
1541 4521 1598 4597 tte
1630 4518 1780 4597 Prior’s
1813 4526 1975 4605 teneam

277 4662 342 4703 ⁰⁰¹
359 4663 415 4704 ⁹¹⁰
918 4688 931 4739 1
961 4664 1063 4765 Aug.
1092 4685 1140 4758 37
1166 4662 1264 4741 Hera
1301 4661 1362 4741 VI.
1385 4660 1530 4765 [1459]

260 4724 434 4898 :3⁸22
750 4803 807 4871 Da
835 4814 993 4891 tempora
1021 4804 1181 4891 Philippi
1209 4805 1317 4873 Made
1354 4804 1503 4891 Maioris
1524 4804 1689 4901 *Bristoll

263 4918 377 4961 anons
387 4920 427 4963 Μ

277 4972 411 5025 ψηω,
600 4938 868 5008 Memorandum
881 4941 960 5007 that
980 4941 1042 5008 the
1062 4940 1152 5008 burst
1169 4942 1240 5029 day
1258 4941 1298 5009 of
1315 4942 1460 5028 August
1478 4944 1540 5009 the
1555 4959 1642 5030 yara
1663 4938 1704 5007 of
1719 4938 1781 5006 the
1798 4936 1920 5025 Raign
1937 4934 1977 5003 oi

254 5036 435 5155 afflui„
469 5068 583 5157 Kyng
605 5070 730 5155 Henry
751 5069 812 5137 tha
836 5069 940 5138 Sixte
965 5068 1080 5137 astour
1108 5070 1170 5136 the
1196 5080 1368 5155 conquest
1389 5070 1533 5157 xxxviia
1562 5087 1663 5139 come
1683 5077 1722 5136 to
1744 5068 1819 5136 fora
1841 5066 1974 5154 Philpp

1067 5202 1079 5233 ¹
1099 5203 1111 5255 i
1127 5204 1239 5257 seeundo
1254 5204 1372 5257 omitted.
1514 5232 1517 5237 -
