4975 6309
766 774 863 867 ebe
886 772 1025 867 little
1049 770 1149 863 ltro
1172 770 1302 863 Book
1327 770 1377 863 ol
1407 769 1592 864 namot
1854 797 1925 871 ιη

428 988 622 1057 octodecim
660 988 781 1074 pedes,
821 997 858 1055 et
897 987 936 1053 in
973 981 1198 1071 longitudine
1237 990 1390 1061 centum,
1433 982 1670 1069 quadraginta
1712 991 1750 1051 et
1791 992 1929 1071 septem

426 1124 546 1209 pedes.
588 1122 684 1191 Dedi
711 1123 824 1193 eciam
853 1132 890 1189 et
916 1120 1076 1192 concessi
1104 1128 1141 1185 et
1176 1118 1246 1185 bac
1279 1118 1436 1203 presenti
1470 1128 1570 1186 carta
1605 1139 1686 1187 mea
1721 1118 1930 1191 confirmant

425 1259 585 1345 predicto
623 1258 743 1327 David
786 1270 823 1328 et
873 1258 1132 1327 successoribus
1179 1253 1255 1325 suis
1297 1252 1502 1339 Capelianis
1544 1256 1734 1341 quemdam
1772 1275 1929 1327 annuum

425 1395 600 1463 redditur
635 1396 822 1463 tresdecim
859 1396 1052 1463 solidorum
1087 1403 1125 1461 et
1152 1401 1304 1479 quatuor
1334 1391 1557 1461 denariorum
1578 1392 1720 1480 argenti
1740 1403 1928 1463 exeuntem

425 1530 471 1599 de
498 1538 575 1597 toto
603 1540 804 1599 tenemento
833 1550 913 1599 meo
941 1550 1021 1597 cum
1050 1528 1124 1597 suis
1151 1532 1379 1615 pertinenciis
1407 1534 1539 1601 sinuato
1567 1532 1606 1599 in
1634 1534 1731 1603 dicto
1758 1532 1928 1603 suburbio

275 1713 283 1729 .
327 1712 335 1731 .
425 1666 463 1733 in
485 1668 766 1755 Baldewynstret
787 1668 825 1736 in
847 1688 918 1755 quo
940 1666 1117 1735 Henricus
1138 1668 1249 1736 Diare
1268 1690 1362 1738 nunc
1380 1671 1557 1739 inhabitat
1576 1671 1669 1739 inter
1685 1680 1927 1739 tenementum

424 1820 540 1871 meum
569 1823 617 1872 ex
644 1814 745 1891 parte
779 1826 851 1873 vna
886 1815 924 1872 et
958 1814 1197 1871 tenementum
1234 1825 1347 1892 nuper
1379 1806 1529 1873 Ricardi
1566 1805 1707 1873 Horlok
1741 1826 1789 1875 ex
1825 1820 1928 1893 parte

424 1940 554 2017 eltera3
591 1948 631 2007 vt
658 1940 753 2007 idem
782 1940 947 2008 dominus
974 1939 1094 2009 David
1123 1949 1159 2007 et
1187 1960 1407 2011 successores
1436 1944 1492 2010 sui
1519 1942 1697 2029 capeuani
1717 1942 1757 2009 in
1777 1944 1927 2012 ecclesia

419 2076 615 2161 parochiali
658 2075 783 2145 Sancti
826 2076 1001 2157 Nicholai,
1045 2076 1235 2158 Bristollie,
1280 2078 1328 2145 ad
1369 2083 1482 2148 altare
1530 2082 1635 2149 beate
1677 2080 1795 2149 uarie
1831 2082 1926 2149 dicte

420 2214 567 2281 emese
594 2214 683 2281 nora
711 2216 925 2301 compotem
955 2214 1077 2283 arnna
1105 2215 1286 2283 eelebrent
1318 2213 1370 2301 (·
1378 2216 1396 2300 )
1435 2235 1502 2302 pro
1537 2213 1671 2283 suren
1706 2187 1803 2283 sta'tu
1838 2216 1926 2283 eres

419 2350 553 2419 domini
583 2350 709 2436 Regis,
735 2350 883 2435 Maioris
910 2362 948 2417 et
976 2351 1241 2419 communitatis
1273 2352 1358 2417 ville
1393 2350 1586 2433 Bristollie,
1622 2361 1659 2419 et
1693 2370 1760 2437 pre
1789 2350 1925 2419 salubri

420 2496 515 2557 statu
543 2509 623 2557 meo
651 2500 687 2557 et
716 2488 847 2557 Cecilie
874 2489 994 2557 vxoris
1023 2508 1110 2569 mee,
1140 2489 1225 2555 dum
1254 2457 1458 2569 vixerimus,
1487 2506 1626 2556 necnon
1651 2506 1717 2573 pro
1738 2488 1926 2555 animabus

419 2623 549 2691 nostris
576 2643 657 2691 cum
692 2623 738 2691 de
773 2624 841 2691 bac
881 2625 960 2691 luce
1003 2626 1285 2713 migrauerimus,
1323 2634 1360 2693 et
1401 2645 1466 2711 pro
1511 2624 1699 2691 animabus
1738 2634 1926 2711 parentum

419 2770 617 2827 nostrorum
674 2770 711 2827 et
768 2760 925 2828 omnium
983 2760 1140 2828 fidelium
1192 2760 1434 2828 defunctorum
1489 2760 1605 2827 indies
1654 2760 1923 2847 imperpetuum

421 2894 599 2963 Habenda
628 2905 664 2967 et
693 2896 846 2963 tenenda
874 2896 995 2963 omnia
1026 2898 1232 2983 supradicta
1267 2906 1480 2977 tenementa,
1516 2896 1649 2982 shopas
1685 2905 1722 2961 et
1756 2894 1924 2963 solarium

419 3051 499 3100 cum
521 3032 595 3099 suis
615 3031 780 3099 omnibus
801 3033 1038 3118 pertinenciis,
1061 3052 1199 3101 necnon
1230 3033 1495 3120 percipiendum
1516 3032 1713 3119 predictum
1734 3033 1924 3099 annualem

296 3228 300 3241 .
419 3168 593 3235 redditum
636 3166 824 3235 tresdecim
866 3168 1056 3235 solidorum
1101 3179 1138 3235 et
1181 3178 1333 3254 quatuor
1376 3168 1600 3236 denariorum
1643 3180 1832 3236 muntem
1879 3170 1925 3235 de

419 3310 621 3369 tenemento
670 3302 828 3388 predicto
879 3324 957 3371 cum
1009 3305 1083 3371 suis
1126 3305 1355 3391 pertinenciis
1397 3306 1557 3393 predicto
1599 3306 1744 3373 domino
1792 3305 1924 3386 David,

422 3436 625 3526 Capellano,
666 3451 702 3506 et
742 3442 1002 3509 successoribus
1041 3442 1115 3510 suis
1155 3442 1349 3528 capellanis
1388 3442 1427 3507 in
1469 3443 1565 3509 dicta
1607 3441 1757 3509 ecclesia
1799 3440 1925 3511 Sancti

419 3576 586 3645 Nicholai
614 3578 660 3644 ad
688 3578 884 3665 predictum
909 3578 1022 3645 altare
1050 3581 1154 3645 beate
1182 3578 1298 3646 Maris
1319 3578 1443 3644 diuina
1469 3576 1623 3665 singolis
1651 3576 1778 3644 diebus
1807 3577 1924 3658 indies

419 3714 675 3801 imperpetuum
726 3716 954 3783 celebraturis
1003 3718 1048 3783 de
1098 3714 1311 3801 capitalibus
1368 3714 1522 3781 dominis
1570 3712 1664 3781 feodi
1714 3712 1810 3781 illius
1859 3732 1924 3799 per

419 3851 569 3920 seruicia
589 3851 672 3917 inde
693 3852 813 3919 debita
834 3852 936 3919 etde
954 3850 1045 3937 jure¹
1073 3861 1242 3920 consueta
1262 3850 1521 3935 imperpetuum
1532 3872 1542 3925 ς
1573 3848 1745 3929 faciendo,
1768 3848 1923 3918 tenendo

418 3993 456 4052 et
493 3987 725 4053 sustentando
764 3986 916 4073 singulis
956 3988 1060 4054 annis
1097 3988 1357 4073 imperpetuum
1396 3987 1436 4053 in
1474 3986 1600 4053 eadem
1635 3985 1786 4053 ecclesia
1826 3986 1922 4053 diem

419 4121 697 4193 anniuersarium
748 4142 865 4191 meum
922 4132 959 4191 et
1018 4122 1148 4191 Cecilie
1196 4122 1317 4189 uxoris
1367 4141 1445 4189 mee
1495 4140 1577 4188 cum
1629 4122 1675 4187 de
1724 4122 1794 4189 bac
1844 4121 1923 4189 luce

419 4258 689 4345 migrauerimus
717 4261 784 4325 sub
811 4260 880 4325 hac
907 4258 1031 4341 forma,
1060 4258 1225 4325 videlicet
1253 4258 1349 4344 quod
1384 4258 1501 4325 dictus
1536 4256 1702 4324 dominus
1737 4257 1858 4325 David
1886 4270 1923 4325 et

421 4412 639 4461 successores
660 4395 716 4461 sui
738 4394 924 4481 Capellani
945 4394 1043 4462 omni
1068 4413 1163 4460 anno
1191 4393 1450 4479 imperpetuum
1480 4393 1575 4461 diem
1597 4392 1667 4481 (sic)
1690 4394 1922 4461 anniuersarii

420 4528 491 4595 mei
530 4530 671 4597 soluant
713 4530 846 4597 vicario
887 4530 981 4598 dicte
1017 4531 1164 4598 ecclesie
1202 4528 1327 4596 Sancti
1366 4528 1532 4597 Nicbolai
1567 4528 1600 4595 si
1631 4547 1778 4614 presens
1817 4528 1923 4597 fuerit

420 4666 511 4732 duos
555 4668 700 4749 solidos,
747 4676 783 4735 et
830 4668 1024 4737 octodecim
1068 4666 1274 4753 capellanis,
1324 4665 1461 4733 vocatis
1510 4683 1575 4750 per
1616 4664 1787 4733 vicarium
1829 4666 1924 4733 dicte

421 4804 567 4869 ecclesie
617 4804 649 4871 si
697 4822 845 4890 presens
908 4804 1013 4873 luerit
1075 4806 1134 4871 vel
1190 4824 1256 4891 per
1312 4804 1476 4871 custodes
1532 4802 1627 4870 dicte
1684 4802 1833 4872 ecclesie
1891 4803 1924 4871 si

420 4938 574 5008 vicarius
624 4940 754 5007 absens
803 4939 917 5022 fuerit,
961 4942 1080 5009 missis
1132 4942 1177 5007 de
1229 4940 1350 5027 requie
1400 4950 1437 5007 et
1479 4940 1638 5026 exequiis
1681 4940 1923 5025 solempnibus

1089 5114 1100 5147 ²
1117 5111 1253 5165 IIS-im.
