4975 6309
782 718 880 808 coe
902 664 1042 808 utttte'
1066 718 1164 809 neo
1188 717 1319 807 uon
1344 718 1395 807 or
1424 718 1611 810 nonu
1901 744 1948 820 ⁷³
2046 823 2049 831 Α

444 937 528 996 ttmc
573 929 707 998 faciant
739 931 810 1018 ipsi
847 931 1082 1000 incontinenti
1117 933 1255 1020 aperire
1295 953 1464 1016 seruram,
1493 937 1665 1014 baneam,
1702 935 1857 1002 bostium
1892 937 1951 1003 vel

277 1064 299 1117 t.
312 1073 352 1128 ²7·
444 1064 602 1150 sigillum
638 1075 675 1132 et
706 1065 772 1132 fiat
799 1068 966 1136 execucio
995 1079 1033 1134 et
1060 1069 1228 1137 liberecio
1264 1069 1397 1137 ibidem
1442 1072 1615 1138 bonorum
1654 1091 1719 1156 pro
1758 1069 1863 1138 bonis
1892 1071 1952 1180 ”1⁰¹

440 1201 612 1268 bonorum
637 1225 702 1290 pro
731 1203 887 1271 denariis
914 1205 973 1271 vel
1006 1205 1228 1272 denariorum
1257 1227 1323 1294 pro
1351 1207 1466 1289 bonis,
1496 1216 1533 1274 et
1563 1207 1602 1273 in
1629 1206 1832 1292 huiusmodi
1864 1227 1950 1276 casu

439 1358 578 1426 semper
616 1343 822 1408 obseruetur
857 1341 953 1428 quod
992 1341 1024 1408 si
1067 1344 1204 1410 denarii
1254 1344 1480 1411 inueniuntur
1527 1365 1600 1412 non
1650 1345 1863 1411 intromittet
1910 1363 1951 1412 se

438 1474 591 1542 balliuus
615 1478 661 1542 ad
686 1478 925 1563 apprecianda
953 1481 1012 1546 vel
1048 1480 1277 1547 deliberanda
1303 1483 1496 1548 olisbona
1523 1481 1714 1548 dummodo
1735 1480 1872 1548 denarii
1893 1479 1948 1548 illi

438 1609 614 1678 sufficiunt
653 1614 699 1680 ed
742 1617 990 1683 execucionem
1023 1617 1182 1702 plenarie
1218 1617 1432 1697 faciendam,
1473 1617 1544 1684 nisi
1583 1618 1651 1684 boc
1702 1619 1748 1684 de
1795 1618 1945 1685 consilio

437 1749 621 1814 amborum
651 1751 810 1836 parcium
835 1755 1030 1838 perueniat,
1056 1765 1093 1821 et
1115 1765 1269 1841 ponatur
1289 1775 1354 1842 per
1375 1754 1519 1822 vadium
1541 1765 1578 1822 et
1608 1753 1748 1840 plegios
1775 1755 1872 1840 quod
1900 1756 1948 1822 sit

438 1886 483 1950 ad
506 1885 705 1970 proximam
729 1888 863 1956 curiam
888 1891 935 1956 ed
957 1894 1240 1978 respondendum
1264 1904 1339 1960 tem
1361 1893 1506 1958 domino
1536 1893 1581 1957 de
1606 1900 1812 1976 contemptu
1836 1909 1956 1978 quem·

436 2025 531 2111 parti
556 2026 601 2094 de
625 2027 792 2125 dampnis
819 2042 889 2115 que
914 2030 1119 2097 sustinuerit
1147 2031 1192 2096 de
1220 2051 1315 2098 nouo
1345 2031 1530 2097 occasione
1559 2027 1657 2095 illius
1693 2027 1948 2128 impedimenti,

437 2161 470 2230 si
508 2183 632 2230 versus
674 2185 755 2231 eum
789 2165 873 2232 inde
909 2167 1077 2253 prosequi
1109 2168 1271 2235 voluerit.
1331 2168 1380 2236 Et
1414 2167 1445 2234 si
1480 2167 1565 2234 talis
1594 2167 1710 2233 adhuc
1746 2185 1824 2231 curn
1862 2165 1949 2231 dicti

439 2308 630 2367 sectatores
653 2301 857 2369 huiusmodi
881 2303 1063 2370 clausuras
1091 2302 1255 2390 frangere
1284 2313 1321 2370 et
1347 2303 1485 2390 aperire
1518 2303 1631 2369 velint
1666 2300 1879 2368 manualiter
1910 2310 1947 2366 et

436 2437 665 2524 corporaliter
687 2439 830 2506 resistet
852 2450 892 2506 vt
913 2442 1031 2509 eundo
1054 2442 1113 2508 vel
1135 2439 1230 2508 fixus
1257 2441 1390 2508 scando
1415 2419 1508 2507 inter
1530 2439 1686 2507 hostium
1706 2458 1769 2505 seu
1793 2446 1944 2523 portem,

368 2628 379 2650 „
435 2583 528 2653 inter
561 2575 659 2661 ipsos
694 2585 731 2644 et
765 2577 920 2644 bostium
957 2579 1016 2645 vel
1054 2581 1218 2666 peckum,
1252 2580 1389 2646 leuetur
1421 2597 1528 2665 super
1561 2575 1637 2668 [eo]
1673 2576 1876 2643 buthesium
1908 2583 1946 2642 et

435 2712 657 2795 attachienn,
681 2723 717 2779 et
739 2712 803 2780 fiat
826 2714 871 2781 de
896 2735 939 2782 eo
965 2717 1090 2784 eodem
1113 2717 1219 2783 modo
1242 2735 1313 2804 quo
1336 2716 1445 2802 prius.
1490 2713 1538 2780 Et
1564 2713 1631 2782 iste
1654 2731 1841 2800 processus
1864 2721 1947 2800 post

434 2845 566 2914 iudicia
592 2849 732 2916 reddite
753 2870 893 2938 semper
924 2844 1130 2921 obseruetur
1165 2864 1240 2920 tem
1274 2873 1398 2920 versus
1429 2851 1627 2939 plegiatum
1657 2870 1737 2918 cum
1767 2849 1946 2938 plegiatus

435 2984 546 3052 nichil
580 2986 744 3054 habuerit
779 3009 886 3074 quam
920 3010 1044 3058 versus
1066 2991 1265 3080 plegiatum
1291 3011 1372 3058 cum
1396 2991 1485 3058 satis
1507 2990 1680 3058 habuerit

498 3227 777 3319 Quonono
826 3229 1278 3311 DJSTRJCCJONES¹
1332 3205 1602 3310 DEBENT'
1632 3229 1769 3306 cnm
1813 3227 1902 3305 Er

1034 3383 1068 3460 C
1069 3385 1138 3462 US
1142 3386 1181 3460 T
1176 3383 1346 3461 ODIRI.

565 3527 654 3596 Cum
680 3529 761 3618 quis
785 3533 1009 3601 securitatem
1038 3521 1231 3620 prostiterit
1260 3539 1304 3603 de
1329 3532 1574 3622 prosequendo
1605 3551 1728 3598 versus
1757 3529 1877 3610 alium,
1907 3540 1945 3597 et

433 3679 638 3756 preceptum
675 3669 723 3737 sit
753 3670 871 3759 ipsum
901 3692 967 3758 per
1000 3672 1144 3740 vadium
1180 3683 1218 3740 et
1256 3672 1395 3760 plegios
1432 3670 1626 3739 attachiare
1660 3678 1696 3736 et
1732 3668 1810 3756 ipse
1852 3666 1943 3734 forto

433 3808 573 3896 plegios
603 3808 764 3877 muenire
799 3809 952 3878 noluerit
986 3811 1045 3878 vel
1079 3830 1153 3877 non
1187 3808 1328 3896 poterit,
1365 3810 1428 3875 sed
1464 3807 1597 3874 habeut
1636 3805 1725 3873 forte
1764 3806 1860 3872 bona
1903 3815 1941 3872 et

433 3946 564 4014 catalla
600 3965 761 4035 perque
795 3957 915 4034 potest
952 3947 1141 4016 attachieri
1175 3943 1388 4014 sufficienter
1423 3945 1516 4012 sicut
1550 3964 1616 4032 per
1657 3963 1777 4029 equos,
1820 3943 1942 4024 boues,

434 4101 520 4150 oues
540 4083 600 4149 vel
624 4083 715 4150 alias
739 4103 968 4171 quascunque
988 4083 1122 4151 bestias
1145 4103 1214 4170 que
1237 4093 1320 4150 sunt
1349 4103 1407 4150 res
1429 4071 1616 4148 ductibiles
1652 4099 1716 4148 seu
1754 4079 1942 4168 fugabiles,

433 4238 497 4288 seu
518 4220 591 4287 alia
613 4221 747 4286 catalla
769 4221 903 4288 huben
929 4239 1137 4308 quecunque
1156 4219 1287 4288 fuerint
1315 4239 1384 4307 que
1405 4226 1490 4285 sunt
1514 4217 1706 4305 portabilia
1727 4217 1773 4283 ed
1794 4237 1939 4286 manum

297 4379 301 4386 ·
433 4364 470 4422 et
493 4355 638 4424 dorsum
664 4358 723 4424 vel
751 4357 890 4444 integre
917 4356 1112 4439 cariebiliu,
1142 4354 1233 4422 sicut
1263 4375 1385 4422 saccos
1419 4355 1512 4436 lane,
1537 4351 1704 4420 fardellos
1732 4371 1942 4440 pannorum,

434 4493 629 4583 plumbum,
662 4511 780 4560 ceram
813 4503 851 4560 et
876 4493 949 4561 ulia
973 4497 1070 4561 bona
1097 4513 1305 4580 quecunque
1332 4491 1474 4574 iirerint,
1513 4489 1572 4556 Ita
1597 4499 1719 4556 tamen
1746 4489 1841 4575 quod
1870 4507 1943 4556 non

435 4627 668 4716 disningatur
698 4649 765 4716 per
796 4631 893 4698 bono
925 4641 963 4698 et
995 4631 1127 4700 catalla
1165 4651 1304 4700 camere
1340 4649 1403 4698 sue
1440 4629 1631 4721 dummodo
1660 4625 1836 4694 sufficiens
1872 4627 1945 4700 dise

432 4763 555 4832 triecio
580 4766 723 4851 [poterit
755 4776 858 4834 extra
893 4787 1069 4836 camermn
1107 4767 1271 4850 inueniri,
1301 4778 1386 4834 tunc
1427 4775 1545 4854 potest
1587 4763 1744 4832 balliuus
1784 4763 1846 4832 ille
1887 4761 1947 4832 cui

434 4909 639 4988 preceptum
678 4910 734 4970 est
770 4903 973 4972 huiusmodi
1009 4904 1252 4971 districciones
1287 4903 1334 4971 ad
1371 4899 1620 4970 sufficiendum
1661 4900 1836 4970 demando
1878 4919 1944 4969 seu

1067 5077 1078 5108 ²
1095 5077 1157 5130 us.
1168 5075 1313 5130 Dianium
