4975 6309
721 748 820 841 W
844 746 983 839 little
1007 746 1105 839 Rei>
1130 746 1259 837 130Οῆ
1285 746 1334 838 Of
1365 746 1551 840 Ἐῐίῦῐοῑ,
1818 776 1891 853 ²⁰9

385 962 614 1033 diffusitatem
635 962 789 1031 scribere
811 981 884 1029 non
905 959 1096 1046 potuimus.
1152 959 1201 1028 Et
1222 960 1276 1027 sic
1296 961 1504 1029 mandatum
1524 972 1682 1031 vestrum
1703 963 1893 1051 diligenter

383 1111 584 1171 reverenter
607 1122 730 1170 sumus
757 1099 907 1169 executi.
954 1097 1089 1165 Datum
1118 1097 1301 1167 Brietollie
1325 1106 1394 1165 etc.

603 1286 719 1355 There
737 1286 770 1353 is
793 1306 816 1353 a
840 1271 1053 1353 translation
1083 1282 1124 1350 oi
1147 1284 1209 1350 the
1237 1284 1353 1350 above
1381 1280 1587 1372 (somewhat
1608 1283 1832 1373 incompleta)
1854 1285 1894 1352 in

690 1423 863 1491 Barrett’s
891 1418 1033 1507 History
1059 1418 1103 1505 os
1123 1416 1260 1485 Braitol
1283 1439 1318 1504 p.
1348 1439 1424 1502 451,
1447 1419 1565 1487 where
1588 1422 1634 1487 he
1658 1422 1774 1508 prints
1792 1422 1895 1489 other

690 1558 897 1626 documenta
926 1556 997 1623 aad
1026 1556 1155 1622 details
1183 1556 1400 1643 concerning
1423 1555 1487 1623 the
1511 1555 1595 1625 Gild
1619 1557 1661 1625 of
1678 1558 1893 1627 Kalendars.

691 1715 753 1781 pp·
783 1696 940 1778 449·458·

602 1832 694 1899 Miss
735 1831 901 1900 Toulmin
937 1828 1055 1896 Smith
1092 1826 1129 1893 in
1164 1826 1318 1895 Rr'can's
1352 1828 1534 1897 Kalendar
1576 1829 1706 1919 (edited
1741 1830 1796 1898 for
1831 1829 1893 1898 the

691 1966 850 2036 Camden
898 1963 1053 2051 Society,
1103 1964 1208 2051 1872),
1263 1987 1299 2053 p.
1340 1988 1387 2048 v.,
1432 1968 1534 2055 gIves
1580 1988 1626 2035 an
1669 1979 1820 2035 account
1858 1968 1901 2036 of

690 2108 752 2175 the
781 2106 876 2175 Gild.

604 2243 681 2310 The
731 2242 921 2310 Reverencl
972 2240 1099 2327 Henry
1148 2240 1292 2327 Rogers
1341 2242 1530 2326 published
1569 2242 1608 2308 in
1655 2246 1738 2325 1846
1790 2248 1813 2283 “
1829 2241 1898 2311 Tha

695 2378 877 2461 Colendars
897 2377 938 2465 of
960 2375 1216 2457 Al-Hatlouen,
1242 2376 1441 2465 Brysoac?
1464 2397 1487 2445 a
1511 2379 1610 2445 work
1634 2379 1746 2445 based
1769 2380 1899 2447 almost
2034 2450 2040 2460 ,

692 2514 843 2603 entirely
871 2534 920 2582 on
950 2512 1186 2600 imagination
1215 2514 1288 2582 and
1317 2515 1476 2583 surmise.

218 2818 308 2885 tau
390 2802 566 2879 Mandata
602 2802 710 2903 from
759 2804 816 2878 the
870 2800 1018 2899 Official
1062 2802 1110 2900 of
1149 2802 1206 2878 tle
1253 2802 1389 2902 Bishop
1428 2802 1476 2903 ῳ(
1514 2802 1703 2878 Woroestcr
1729 2804 1803 2903 for
1841 2805 1898 2879 the

494 2956 627 3030 redress
658 2954 707 3052 ῳ(
729 2953 990 3054 irreguhritz'as
1024 2954 1064 3027 in
1098 2953 1155 3027 the
1186 2952 1410 3051 Fratemity.
1487 2977 1526 3028 11
1559 2954 1651 3053 Sept.
1685 2974 1791 3049 1374.

186 3160 343 3277 ἓξὲξ.
521 3150 692 3221 Officialis
713 3148 973 3236 Wygornensis
999 3148 1114 3216 Pnori
1142 3149 1268 3218 Sancti
1294 3152 1420 3237 Jacohi
1448 3164 1486 3221 et
1510 3154 1626 3222 Priori
1649 3155 1898 3225 Fraternitatis
1929 3165 2119 3285 mmm

163 3288 366 3404 rffls
390 3290 635 3357 Kalendarum
664 3285 856 3366 Brietollie,
883 3286 1033 3351 salutem
1062 3287 1100 3353 in
1130 3297 1273 3357 auctore
1301 3290 1438 3359 salutis
1489 3290 1580 3359 Cum
1608 3294 1703 3360 bone
1731 3295 1898 3363 memorie
1929 3306 2119 3411 ruffam

240 3428 293 3469 ΠΙ·
390 3428 592 3512 erlelmus
627 3444 741 3511 nuper
774 3422 1034 3509 Wygornensis
1077 3423 1278 3511 Episcopus
1317 3424 1503 3493 defunctus
1538 3426 1631 3494 inter
1669 3428 1799 3497 cetera1
1834 3451 1900 3517 per
1950 3433 2100 3538 &33

390 3566 507 3653 ipsum
535 3581 642 3648 super
669 3570 801 3627 statum
830 3561 956 3627 domus
984 3569 1021 3627 et
1056 3560 1203 3627 fratrum
1238 3559 1484 3627 Kalendarum
1521 3561 1699 3629 antedicta
1735 3564 1898 3631 ordinata
1931 3553 2127 3604 mmm·

388 3699 553 3770 statuerit
583 3708 619 3765 et
652 3695 868 3763 ordinauerit
896 3696 1122 3764 laudabiliter
1150 3698 1244 3783 quod
1273 3695 1361 3763 dicti
1389 3695 1516 3763 flames
1546 3698 1652 3764 simul
1681 3698 1720 3765 in
1748 3701 1898 3775 ecclesia

392 3836 560 3905 Omnium
600 3832 812 3901 Sanctorum
850 3831 944 3899 dicte
984 3830 1069 3899 ville
1112 3832 1201 3900 hora
1243 3833 1458 3919 competenti
1501 3834 1690 3902 conuenire
1733 3835 1898 3920 debeant,

390 3981 497 4061 atque
529 3970 652 4037 diuina
686 3967 802 4036 officia
829 3976 952 4055 utpote
980 3970 1184 4052 matutinas,
1213 3969 1332 4051 horas,
1358 3970 1505 4037 missam
1526 3971 1573 4039 de
1593 3971 1652 4040 die
1673 3982 1710 4040 et
1730 3994 1898 4061 vesperas

391 4109 543 4177 inuicem
572 4108 749 4175 celebrare
776 4126 857 4173 cum
886 4116 972 4174 nota
1000 4106 1039 4174 in
1067 4106 1258 4186 communi,
1287 4107 1452 4193 quodque
1487 4108 1607 4175 nullus
1641 4110 1737 4178 dicte
1772 4112 1899 4180 domus

391 4244 537 4313 fratrum
579 4244 702 4311 villam
742 4242 912 4323 Bristoll.,
957 4246 1091 4331 absque
1134 4264 1243 4312 causa
1285 4244 1495 4312 rationabili
1541 4245 1657 4313 Priori
1699 4248 1786 4315 dicti
1829 4250 1899 4316 loci

391 4382 553 4468 primitus
581 4378 754 4467 exposita,
790 4379 1007 4467 licenciaque
1033 4380 1156 4471 petita
1187 4390 1224 4448 et
1261 4389 1409 4466 optenta
1446 4400 1470 4446 a
1507 4381 1603 4449 dicto
1641 4382 1755 4451 Priori
1793 4404 1899 4472 super

392 4516 548 4595 eadem&
583 4515 783 4583 audiuimus
808 4524 928 4583 tamen
950 4538 973 4583 a
993 4517 1174 4585 nonnullis
1195 4517 1292 4602 quod
1311 4516 1439 4584 fratres
1453 4517 1640 4602 'anoedicth
1661 4518 1811 4587 licencia
1832 4541 1898 4588 ncc

391 4658 503 4745 petita
531 4676 597 4723 nec
625 4661 782 4741 optenta,
812 4661 849 4720 et
877 4652 1068 4739 aliquando
1096 4672 1143 4721 ex
1165 4672 1275 4720 causa
1303 4651 1544 4739 ignominiosa
1572 4672 1612 4719 se
1640 4655 1831 4723 absentant
1859 4668 1896 4724 et

392 4794 482 4861 alias
509 4790 683 4879 premissa
717 4810 790 4857 non
819 4790 1009 4857 obseruant
1039 4790 1130 4857 sicut
1158 4789 1196 4856 in
1222 4790 1380 4876 ipsorum
1409 4788 1636 4857 institucione
1663 4794 1898 4878 personaliter

387 4928 497 5033 jurati
546 4926 686 4995 fuerunt
733 4925 772 4992 in
823 4925 979 5011 ipsorum
1030 4926 1227 4992 animarum
1277 4924 1472 5010 perimlum
1523 4934 1632 5012 atque
1688 4928 1896 4996 scandalum

733 5096 939 5149 warsten.
1066 5094 1562 5162 ¹1ueaesomethingomtuedhae.

1788 5204 1814 5257 e
