4975 6309
583 782 653 837 212
918 760 1016 851 ube
1039 757 1179 849 little
1204 757 1304 850 Reii
1327 755 1457 847 Rodii
1482 754 1533 846 Of
1563 752 1751 845 mutui.

577 974 689 1059 ebope
738 972 906 1059 predicte,
957 992 1106 1061 querum
1156 972 1316 1039 reddibus
1357 970 1405 1037 ed
1447 968 1604 1056 quinque
1645 986 1786 1037 merces
1834 970 2085 1057 sterlingorum

578 1108 762 1176 annuatim
791 1130 831 1177 se
858 1112 1064 1189 extendant,
1104 1108 1273 1188 existent,
1312 1115 1353 1175 vt
1388 1106 1614 1195 premittitur,
1654 1106 1838 1194 assignate
1873 1106 2086 1178 aemorum

578 1256 700 1314 nostra
738 1244 935 1333 pontificali
971 1246 1134 1315 ordinare
1176 1264 1378 1313 curaremus
1414 1253 1535 1312 nostre
1574 1244 1795 1314 crdinscioni
1833 1253 1871 1312 et
1908 1246 2086 1314 wlunteti

579 1402 685 1469 super
712 1384 914 1471 hujusmodi
942 1382 1110 1451 canteriis
1138 1382 1345 1450 ordinandis
1370 1400 1410 1449 se
1434 1382 1473 1447 in
1495 1382 1662 1449 omnibus
1689 1380 1948 1449 submittentes.
2005 1381 2084 1449 Nos

579 1522 689 1609 igitur
737 1522 836 1608 piam
879 1532 916 1589 et
957 1520 1172 1589 laudabilem
1216 1518 1344 1606 prefati
1383 1516 1541 1587 deuincti
1582 1519 1802 1586 voluntatem
1841 1536 1885 1586 ac
1926 1518 2084 1605 ipsorum

578 1664 804 1725 mecntorum
832 1658 1041 1745 diligentem
1075 1656 1288 1725 instanciam
1323 1656 1363 1723 in
1398 1656 1467 1722 bec
1502 1663 1605 1741 parte
1638 1653 1830 1741 plurimum
1861 1654 1900 1723 in
1927 1654 2084 1723 Domino

578 1794 876 1876 commendantes,
917 1814 960 1863 ac
1003 1794 1124 1863 solerti
1167 1792 1426 1863 deliberacione
1469 1812 1576 1881 super
1615 1792 1689 1861 biis
1729 1794 1917 1881 prebebita
1958 1792 2083 1862 intime

580 1930 844 2001 considerantes
872 1934 967 2019 quod
995 1932 1170 2019 premissa
1204 1950 1278 1999 non
1314 1931 1429 1999 solum
1465 1930 1505 1997 in
1540 1931 1657 1999 cultus
1692 1929 1808 1999 diuini
1842 1938 2084 2017 augmenbrm,

581 2076 635 2134 set
663 2069 787 2135 ecdem
816 2066 1078 2137 inanimatum
1107 2070 1258 2138 salntem
1283 2070 1428 2137 tendere
1449 2068 1691 2155 multipliciter
1711 2068 1943 2139 dinoscuntur
1960 2068 2085 2155 buius·

578 2204 676 2271 modi
710 2202 940 2297 cmmrlebn]
972 2206 1155 2275 uoluntate
1190 2216 1227 2275 et
1259 2225 1435 2275 concensu
1470 2204 1619 2293 Maioris
1654 2206 1749 2273 dicte
1782 2204 1868 2273 ville
1903 2204 2085 2273 Bristollia

580 2341 738 2429 ejusdem
769 2344 926 2411 cantade
953 2344 1108 2430 patroni,
1137 2354 1175 2413 et
1210 2344 1359 2411 aliorum
1401 2363 1551 2430 quorum
1586 2342 1735 2411 interest
1768 2342 2085 2411 interuenientibus

581 2472 777 2558 ceterisque
825 2477 1113 2545 concurrentibus
1163 2494 1233 2564 que
1283 2478 1330 2545 de
1375 2477 1456 2564 jure
1505 2476 1730 2563 requiruntur
1778 2476 1818 2543 in
1866 2476 1937 2545 bac
1981 2486 2085 2565 parte

578 2606 788 2675 auctoritate
826 2608 985 2695 predicta
1022 2611 1247 2679 statuendam
1284 2610 1462 2692 culmus,
1500 2619 1538 2678 et
1572 2609 1686 2679 eciam
1729 2609 1975 2680 ordinandam.
2038 2610 2084 2683 ln

577 2743 714 2829 primis¹
742 2747 931 2815 statuimus
959 2758 996 2815 et
1025 2747 1268 2817 ordinauimus
1297 2750 1392 2836 quod
1420 2748 1623 2837 hujusmodi
1651 2750 1811 2817 cantaria
1838 2749 1887 2816 sit
1914 2758 2085 2837 perpetum

578 2888 615 2948 et
650 2882 746 2967 quod
783 2890 855 2949 stet
893 2883 932 2949 in
974 2883 1071 2951 dicta
1120 2886 1260 2971 capella
1303 2884 1401 2953 beati
1439 2884 1576 2953 Thome
1610 2885 1657 2953 ad
1694 2886 1808 2953 alters
1855 2904 1920 2971 per
1968 2885 2085 2953 dictos

577 3025 782 3085 executores
807 3018 853 3085 de
881 3030 1244 3105 norcomannorum,
1273 3030 1311 3091 et
1338 3041 1403 3108 per
1431 3042 1498 3089 nos
1519 3021 1557 3089 in
1582 3022 1717 3091 honore
1742 3020 1875 3089 Sancte
1898 3018 2085 3088 Trinitatis

576 3161 612 3221 et
640 3153 912 3240 Assumpcionis
940 3156 1053 3225 Beate
1080 3156 1196 3227 Maris
1230 3158 1383 3247 viginis
1417 3158 1629 3227 dedicatum.
1685 3155 1885 3227 statuimus
1911 3158 2025 3225 eciam
2045 3165 2084 3224 et

576 3290 816 3359 ordinabimus
837 3295 933 3379 quod
954 3294 1072 3383 Maior
1092 3296 1177 3364 ville
1198 3296 1381 3364 Bristollie
1402 3305 1439 3364 et
1462 3314 1683 3363 successores
1711 3296 1767 3362 sni
1795 3294 1858 3381 qui
1885 3296 1924 3363 in
1959 3296 2084 3363 eodem

576 3430 691 3500 officio
719 3434 917 3521 Msjcratus
944 3452 1011 3520 pro
1039 3442 1198 3521 tempore
1222 3433 1353 3501 mer-int
1381 3435 1429 3502 ad
1456 3452 1549 3521 quos
1566 3434 1627 3519 jus
1655 3430 1885 3520 presentandi
1905 3434 2083 3521 ydoneum

576 3572 798 3657 capellanum
827 3570 874 3639 ad
909 3572 1058 3639 eandem
1098 3572 1294 3640 muriam
1335 3570 1504 3659 quociens
1540 3582 1577 3639 et
1617 3572 1761 3657 quando
1801 3570 1918 3657 ipsam
1956 3588 2085 3638 vacare

576 3708 765 3797 contigerit
793 3728 839 3775 ex
874 3708 1101 3777 concessione
1140 3706 1315 3776 dictorum
1352 3719 1589 3789 executonrm,
1618 3717 1818 3775 nostromm
1856 3716 1895 3774 et
1933 3707 2083 3775 aliorum

350 3856 550 3907 mmmmm
577 3866 725 3932 quorum
754 3844 901 3913 interest
929 3864 1105 3914 concensu
1134 3844 1392 3914 interueniente
1416 3845 1612 3913 dinoscitur
1635 3844 1821 3930 pertinere,
1841 3844 1887 3911 de
1908 3862 2085 3912 concensu

389 3928 513 3980 srmone

406 3994 497 4034 mres

408 4256 427 4307 l.
438 4254 496 4321 85b.

577 3981 840 4049 communitatis
868 3980 962 4049 dicte
989 3980 1074 4051 ville
1107 3978 1288 4047 Bristollia
1324 3980 1429 4049 nobis
1456 3989 1493 4048 et
1529 3980 1791 4049 successoribus
1825 3979 1956 4047 nosuis
1991 3977 2086 4047 infra

576 4136 736 4184 mensem
764 4136 787 4185 e
815 4126 974 4203 tempore
1002 4126 1086 4187 note
1106 4118 1308 4187 vocacionis
1328 4118 1486 4205 ejusdem
1508 4118 1675 4185 Cantarie
1696 4118 1872 4205 ydoneam
1893 4136 2081 4203 personam

577 4252 615 4319 in
658 4254 781 4321 ordine
825 4254 1035 4323 sacerdotali
1078 4256 1306 4326 constitutam
1349 4266 1564 4343 presentent,
1607 4256 1703 4341 quod
1746 4254 1779 4321 si
1817 4252 1909 4321 inira
1947 4254 2082 4321 dictum

578 4400 719 4477 tempus
758 4411 830 4459 non
873 4394 1155 4478 presentauerint
1197 4413 1243 4461 ne
1287 4394 1381 4463 dicte
1425 4393 1592 4463 cantaris
1631 4392 1909 4461 celebrationem
1945 4390 2084 4459 diucius

579 4528 769 4614 contigerit
818 4529 992 4615 impediri,
1036 4530 1102 4615 Jus
1152 4530 1356 4599 conserendi
1406 4533 1539 4599 dictam
1589 4530 1785 4598 cacunem
1834 4527 1881 4595 ed
1931 4546 1999 4594 ncs
2048 4536 2086 4593 et

580 4683 798 4732 successores
841 4674 982 4735 nostros
1021 4668 1162 4735 deuolui
1200 4668 1376 4737 voluimus
1420 4689 1465 4736 ea
1506 4668 1595 4735 vice.
1651 4664 1851 4735 steterimus
1894 4662 2009 4732 οοίειιιι
2047 4670 2086 4729 et

580 4801 820 4869 ordinauimus
849 4804 943 4888 quod
972 4813 1162 4891 perpetuus
1189 4804 1406 4893 Capelianus
1434 4806 1527 4873 dicte
1556 4802 1722 4873 Cmtarie
1750 4802 1813 4889 qui
1836 4819 1902 4888 pro
1923 4808 2084 4886 tempore

577 4935 683 5004 fuerit
710 4940 913 5007 continuam
945 4940 1176 5008 residenciam
1212 4940 1251 5008 in
1285 4942 1373 5009 villa
1408 4940 1591 5009 Bristollia
1626 4938 1735 5009 meiat
1772 4937 2006 5025 personalem,
2045 4944 2084 5003 et

1231 5112 1242 5143 ²
1261 5112 1322 5165 ras
1333 5112 1436 5181 prmus
