4975 6309
581 786 648 858 ¹72
913 764 1010 859 doc
1035 764 1175 857 little
1199 768 1298 858 lieo
1322 768 1452 859 Boot
1476 769 1526 859 ot
1556 766 1744 859 dinotet

575 976 724 1063 prolude
760 980 944 1047 annuatim
979 980 1115 1069 prefate
1151 982 1296 1051 domine
1337 980 1481 1070 Regina
1516 982 1564 1048 ad
1598 982 1788 1049 terminum
1822 980 1897 1048 vite
1932 999 1996 1049 sue
2030 982 2079 1048 ad

576 1122 755 1201 receptam
784 1135 886 1184 suam
912 1118 1008 1204 apud
1031 1118 1371 1187 wesmonasterium
1399 1128 1552 1200 centum,
1580 1118 1764 1205 octoginta
1785 1127 1823 1184 et
1847 1119 1938 1186 duas
1959 1118 2081 1200 libras,

486 1300 493 1316 .
576 1258 712 1335 septem
743 1250 876 1319 solidos
904 1262 941 1322 et
968 1253 1091 1322 decem
1119 1256 1296 1337 denarios,
1326 1255 1373 1322 sd
1399 1252 1493 1323 festa
1519 1254 1658 1323 Pascbe
1685 1263 1723 1321 et
1747 1252 1873 1321 Sancti
1895 1254 2084 1323 Michaelis

575 1386 677 1471 equis
720 1388 956 1472 porcionibus.
1003 1390 1061 1458 Its
1100 1392 1195 1478 quod
1235 1392 1396 1479 predicta
1430 1392 1576 1459 domina
1611 1390 1758 1478 Regina
1792 1390 2010 1477 acquietabit
2044 1402 2082 1459 et

574 1526 782 1591 mandabit
810 1524 966 1611 prefatos
994 1527 1167 1596 Maiorem
1194 1539 1230 1596 et
1261 1529 1561 1597 Communitatem
1585 1538 1624 1597 et
1648 1548 1770 1596 eorum
1794 1548 2014 1597 successores
2034 1531 2080 1597 de

574 1662 680 1729 certis
693 1661 883 1731 forensesis
897 1664 1074 1733 oneribus¹
1089 1666 1127 1733 in
1142 1665 1311 1753 predictis
1325 1665 1407 1733 aliis
1420 1666 1618 1733 indenturis
1638 1662 1849 1753 specificatis
1863 1673 1901 1730 et
1921 1664 2078 1731 declare-

573 1799 631 1867 tis.
690 1800 841 1887 Insuper
868 1804 1018 1891 predicti
1049 1805 1168 1873 Maior
1196 1816 1233 1873 et
1269 1805 1514 1875 communitas
1541 1813 1579 1871 et
1615 1822 1834 1871 successores
1862 1800 1919 1868 sui
1954 1802 2078 1867 volunt

572 1942 610 2003 et
641 1938 839 2005 concedunt
869 1948 906 2007 et
937 1940 1100 2027 obligant
1131 1960 1170 2009 se
1201 1950 1239 2009 et
1271 1960 1491 2010 successores
1525 1960 1609 2009 suos
1640 1960 1706 2028 per
1735 1948 1917 2027 presentes
1943 1936 2079 2024 melate

572 2072 715 2139 domine
738 2073 881 2161 Regina
909 2074 1093 2145 indecem
1119 2078 1220 2145 libris
1249 2078 1500 2165 sterlingorum
1529 2078 1587 2144 Ita
1611 2079 1707 2163 quod
1735 2077 1768 2143 si
1795 2077 1912 2143 dictus
1940 2092 2079 2141 annuus

572 2210 731 2279 redditus
759 2211 797 2277 in
825 2222 927 2299 parte
958 2216 1017 2283 vel
1048 2214 1086 2283 in
1115 2224 1192 2283 toto
1220 2235 1286 2303 per
1313 2216 1404 2283 duos
1428 2234 1570 2281 menses
1592 2224 1676 2301 post
1705 2212 1860 2299 aliquem
1888 2211 2077 2277 terminum

571 2348 763 2417 solucionis
797 2351 939 2419 debitus
975 2362 1091 2421 aratro
1125 2351 1202 2420 fore
1231 2351 1421 2440 contigerit
1450 2370 1523 2417 non
1553 2350 1702 2429 solutius,
1738 2349 1834 2434 quod
1868 2354 1955 2413 tunc
1990 2345 2077 2412 dicti

571 2485 689 2553 Maior
723 2497 761 2555 et
796 2487 1039 2557 Communitas
1074 2501 1111 2557 et
1146 2510 1268 2557 eorum
1310 2488 1540 2557 Successores
1579 2488 1722 2555 solvont
1762 2483 1899 2571 prefate
1933 2482 2076 2550 domine

570 2619 714 2709 Regina
749 2644 814 2711 pro
848 2624 988 2693 debctu
1016 2626 1207 2693 solutionis
1234 2626 1394 2694 redditus
1422 2623 1573 2712 predicti
1607 2622 1787 2709 predictas
1814 2621 1938 2688 decem
1965 2619 2076 2685 libras

569 2758 663 2825 vltra
705 2760 921 2827 solucionem
961 2762 1103 2828 termini
1146 2762 1297 2847 predicti
1339 2761 1509 2841 debitam,
1554 2768 1591 2826 et
1633 2758 1686 2825 sic
1729 2758 1866 2825 tociens
1908 2754 2076 2842 quociens

568 2895 718 2981 predicti
744 2896 862 2965 Maior
883 2907 922 2965 et
946 2896 1191 2966 communitas
1216 2900 1275 2964 vei
1303 2918 1425 2966 eorum
1457 2916 1678 2966 successores
1706 2895 1744 2962 in
1769 2893 1951 2961 solucione
1977 2890 2077 2959 firme

568 3028 726 3115 predicte
754 3032 810 3097 vel
848 3032 886 3098 in
915 3033 1036 3119 aliqua
1063 3034 1221 3120 parcella
1250 3034 1408 3101 eiusdem
1439 3032 1641 3099 defecerint
1701 3030 1749 3097 Et
1783 3030 1898 3097 eciam
1926 3027 2077 3115 predicti

569 3162 686 3233 Maior
730 3177 768 3233 et
812 3166 1056 3239 communitas
1104 3170 1230 3237 volunt
1276 3179 1314 3237 et
1359 3170 1558 3237 concedunt
1599 3169 1694 3256 quod
1737 3166 1807 3254 ipsi
1849 3176 1912 3233 aut
1954 3184 2075 3233 eorum

568 3320 788 3371 successores
822 3304 860 3372 in
895 3304 1049 3373 sonuum
1086 3326 1158 3374 non
1195 3307 1412 3388 clamabunt,
1449 3306 1633 3373 habebunt
1674 3324 1741 3371 nec
1782 3303 2075 3390 calumpniabunt

568 3436 702 3523 aliquia
743 3438 820 3527 (sic)
864 3441 936 3509 alia
979 3441 1066 3521 iura,
1107 3442 1301 3524 libertates,
1345 3442 1544 3530 privilegia,
1588 3439 1690 3520 fines,
1730 3440 1847 3506 exitus
1884 3448 1921 3504 et
1960 3456 2074 3504 aroer·

566 3575 743 3642 clementa
807 3578 866 3646 vel
932 3579 1052 3666 aliqua
1110 3580 1183 3647 alia
1239 3580 1277 3646 in
1333 3580 1502 3666 predictis
1555 3578 1639 3645 aliis
1695 3576 1824 3643 litteris
1880 3576 2075 3642 indentatis

566 3712 747 3780 concessa¹
775 3714 833 3781 vel
863 3714 1078 3803 specificata⁸
1111 3717 1260 3785 racione
1287 3719 1473 3785 verbonum
1499 3715 1719 3803 generalium
1748 3714 1787 3780 in
1811 3712 2075 3781 conoessionem

565 3847 700 3933 prefate
728 3850 871 3919 domine
900 3854 1044 3942 Regina
1073 3854 1113 3921 in
1144 3854 1313 3941 predictis
1341 3854 1470 3921 litteris
1497 3850 1726 3938 repetitorum
1755 3862 1792 3917 et
1820 3858 2075 3930 contentorum,

565 4000 682 4073 preter
711 4008 755 4054 ea
784 4008 853 4074 que
882 3988 1021 4076 prefata
1047 3992 1194 4058 domina
1223 3990 1372 4077 Regina
1391 3991 1538 4057 haberet
1563 3998 1601 4057 et
1628 3996 1828 4056 excerceret
1856 3987 1889 4052 si
1916 3986 2076 4072 predicta

565 4122 688 4191 villam
710 4134 746 4191 et
767 4126 947 4206 suburbia,
973 4138 1086 4195 terras
1116 4138 1152 4194 et
1177 4137 1391 4208 tenemento
1415 4126 1584 4207 redditus,
1614 4124 1812 4211 curtilagia,
1842 4141 1923 4188 cum
1952 4122 2073 4201 caldis,

565 4260 674 4345 tostis,
704 4262 876 4348 gardinis,
906 4264 1073 4333 scabellis
1102 4265 1240 4332 vocatis
1268 4264 1533 4343 ffiessbameles,
1557 4260 1781 4340 molendinis,
1810 4258 1961 4347 stagnis,
1987 4268 2075 4344 tyna

566 4398 693 4479 Cestri,
717 4400 923 4481 redditibus,
950 4402 1168 4489 langebulis,
1194 4401 1394 4483 theoloniis,
1420 4398 1573 4488 placitis,
1598 4396 1928 4485 perquisitionibus,
1958 4412 2073 4461 rever·

566 4534 736 4616 sionibus,
758 4538 875 4617 curiis,
898 4537 995 4607 feriis
1016 4540 1062 4607 de
1083 4539 1260 4619 mercatis,
1282 4537 1395 4606 feodis
1416 4548 1453 4605 et
1474 4536 1556 4605 aliis
1578 4536 1724 4615 iuribus,
1749 4530 2073 4609 consuetudinibus,

565 4672 840 4740 comoditatibus
867 4683 905 4739 et
932 4674 1156 4743 libertatibus
1191 4676 1277 4741 ville
1311 4674 1481 4760 predicte,
1518 4670 1766 4741 suburbiorum
1802 4680 1839 4735 et
1873 4665 2076 4755 procinctus

565 4806 722 4877 eiusdem
752 4828 833 4876 cum
861 4828 982 4877 eorum
1010 4810 1239 4899 pertinenciis
1277 4812 1316 4878 in
1345 4830 1454 4877 manu
1483 4830 1549 4877 sua
1581 4808 1765 4877 habuisset
1795 4816 1832 4872 et
1860 4802 2074 4871 retinuisset.

565 4942 614 5011 Et
642 4945 755 5012 eciam
785 4946 944 5032 predicte
971 4947 1116 5015 domina
1152 4948 1299 5032 Regina
1334 4948 1410 5013 vult
1439 4956 1476 5014 et
1503 4944 1665 5014 concedit
1694 4944 1790 5030 quod
1814 4940 1936 5008 omnia
1970 4936 2071 5017 fines,

780 5118 790 5148 1
808 5116 870 5169 rrs
882 5117 1015 5171 omues.
1180 5120 1191 5150 ¹
1210 5120 1270 5170 ro.
1287 5118 1428 5171 com.
1591 5116 1683 5167 uun.
1700 5113 1866 5183 spenser.
