4975 6309
639 763 707 833 162
970 754 1067 846 ube
1092 752 1231 844 little
1255 754 1354 843 lico
1377 753 1507 845 Boot
1532 753 1582 843 ot
1611 753 1799 847 nunt

635 966 770 1034 domini
819 968 889 1033 mei
930 966 1047 1055 Regis
1089 967 1251 1051 fuissent,
1294 969 1415 1054 alique
1456 968 1692 1053 prerogativa,
1732 968 1921 1055 privilegio
1959 970 2019 1036 vel
2052 970 2148 1037 iran-

634 1104 749 1173 chisia
792 1124 865 1171 non
911 1106 1088 1185 obstante,
1137 1114 1243 1191 prout
1289 1104 1328 1171 in
1375 1104 1510 1171 eisdem
1561 1103 1689 1169 litteris
1739 1104 1785 1171 de
1835 1106 2060 1172 libertatibus
2111 1116 2148 1172 et

635 1240 832 1329 privilegiis
860 1242 964 1309 nobis
999 1242 1083 1309 inde
1119 1240 1288 1309 confectis
1322 1240 1465 1327 plenius
1499 1238 1709 1306 continetur.
1768 1238 1961 1309 SCIATIS
1997 1262 2066 1308 nos
2099 1262 2148 1309 ex

633 1378 785 1445 licencia
834 1378 1114 1446 metuendissirni
1163 1378 1300 1445 domni
1350 1376 1422 1443 mei
1465 1375 1583 1461 Regis
1625 1375 1805 1443 dimisisse
1847 1387 1884 1444 et
1929 1378 2146 1445 concessisse

635 1515 791 1599 Johanni
812 1514 966 1595 Fissber,
995 1514 1124 1583 Maiori
1152 1514 1237 1582 ville
1263 1512 1444 1580 Bristollie
1470 1530 1513 1577 ac
1537 1510 1794 1579 communitati
1819 1514 1978 1581 eiusdem
2001 1514 2087 1579 ville
2110 1524 2147 1577 et

637 1652 897 1719 successoribus
925 1652 999 1719 suis
1027 1654 1075 1719 ad
1103 1660 1214 1719 toturn
1248 1660 1405 1717 nostram
1427 1650 1538 1715 vitam
1574 1648 1770 1733 predictam
1805 1650 1929 1716 villam
1965 1648 2146 1716 Bristollie

637 1807 717 1853 cum
758 1788 935 1855 suburbiis
971 1787 1139 1868 eiusdem,
1179 1807 1260 1853 curn
1304 1786 1429 1872 portis,
1468 1784 1574 1851 fossis
1610 1794 1647 1849 et
1682 1784 1803 1861 muris,
1840 1804 1883 1850 ec
1918 1784 2039 1850 omnia
2074 1782 2147 1849 elis

637 1922 796 2007 predicte
825 1932 936 1990 terres
964 1934 1000 1989 et
1028 1932 1230 1989 tenemento
1258 1940 1339 1987 curn
1368 1924 1422 1987 les
1451 1918 1717 1987 fflessbsmelles
1742 1920 1781 1985 in
1805 1922 1930 1987 eodem
1954 1920 2042 1986 villa
2065 1938 2145 1984 cum

638 2057 811 2137 domibus,
850 2056 983 2143 shopis,
1020 2058 1181 2145 cotagiis,
1218 2059 1339 2139 oeldis,
1374 2058 1484 2139 tostis,
1520 2060 1692 2145 gordinis,
1728 2060 1955 2142 molendinis,
1994 2058 2145 2145 stagnis,

639 2190 742 2279 Tyne
774 2192 901 2275 Casiri,
934 2193 1139 2274 redditibus,
1172 2196 1377 2283 lengsbilis,
1403 2197 1603 2278 theoloniis,
1625 2196 1768 2283 placitis
1790 2199 1897 2277 curie,
1920 2205 1959 2264 et
1980 2196 2146 2263 omnibus

640 2329 721 2395 eliis
756 2328 1071 2411 iurisdiccionibus,
1107 2332 1424 2399 consuetudinibus
1459 2344 1497 2398 et
1532 2334 1762 2419 pertinenciis
1796 2334 1883 2400 ville
1918 2333 2075 2420 predicte
2109 2342 2147 2398 et

639 2464 883 2531 suburbiorum
912 2464 1070 2531 eiusdem
1106 2484 1185 2533 cum
1213 2466 1451 2552 pertinenciis,
1482 2486 1525 2535 ac
1554 2468 1675 2533 omnis
1703 2477 1740 2534 et
1773 2468 1916 2555 singula
1951 2468 2144 2547 libertates,

638 2600 825 2686 privilegio
870 2610 907 2667 et
948 2600 1165 2667 bencbesias
1215 2601 1457 2688 superscripta
1499 2614 1537 2668 et
1578 2601 1692 2669 eciam
1735 2602 1936 2688 subscripta
1977 2602 2016 2667 in
2058 2600 2146 2669 villa

637 2735 796 2819 predicta
824 2735 1003 2801 Bristollie
1027 2745 1064 2801 et
1092 2736 1271 2804 suburbiis
1306 2736 1475 2817 eiusdem,
1507 2756 1645 2805 necnon
1679 2736 1718 2803 in
1740 2737 1905 2803 omnibus
1931 2747 1969 2803 et
1993 2737 2146 2824 singulis

637 2872 725 2939 locis
775 2870 865 2937 inb-e
915 2871 1132 2958 procinctum
1183 2873 1341 2941 eiusdem
1391 2874 1476 2939 ville
1526 2874 1751 2959 emergencie
1802 2874 1878 2939 sive
1932 2872 2144 2954 eocidencir,

638 3008 763 3077 Castro
814 3018 850 3075 et
903 3009 1046 3077 fossatis
1089 3010 1247 3077 eiusdem
1302 3008 1419 3077 Cestri
1470 3010 1628 3095 exceptis
1681 3020 1799 3096 preter
1853 3029 1995 3076 cursum
2053 3028 2146 3093 eque

637 3146 853 3213 decurrentis
903 3146 941 3213 in
983 3146 1151 3234 predictis
1193 3146 1338 3213 fossatis
1378 3166 1501 3214 versus
1544 3145 1786 3212 molendinum
1825 3146 1952 3212 subtus
1989 3154 2144 3211 castrum

636 3282 728 3349 sicut
770 3302 815 3349 ex
859 3282 1005 3369 antiquo
1048 3282 1230 3351 consuevit
1273 3302 1353 3349 cunr
1408 3283 1496 3369 ripis
1544 3282 1702 3349 eiusdem
1746 3302 1839 3366 aque
1880 3300 1946 3367 per
1989 3280 2144 3365 spatium

636 3430 786 3504 quaeror
838 3421 966 3503 pedum
1010 3420 1048 3486 in
1097 3420 1284 3487 latitudine
1337 3440 1461 3488 versus
1504 3430 1658 3487 cestrum
1713 3419 1931 3505 predictum
1980 3418 2145 3485 videlicet

636 3556 731 3640 quod
781 3556 930 3642 predicti
981 3555 1099 3624 Maior
1147 3567 1184 3623 et
1238 3556 1482 3625 Communitas
1533 3558 1620 3624 ville
1668 3558 1827 3646 predicte
1876 3557 2059 3624 Bristollie
2106 3568 2145 3622 et

637 3691 854 3759 successores
890 3692 945 3759 sui
973 3694 1130 3759 habeant
1158 3695 1204 3760 ad
1233 3704 1345 3761 totam
1366 3696 1477 3760 vitam
1508 3704 1668 3761 nostram
1699 3694 1820 3761 omnis
1850 3692 1951 3775 fines,
1982 3695 2143 3779 redemp-

638 3829 757 3895 ciones
793 3837 829 3894 et
864 3828 1137 3896 amerciementa
1180 3829 1338 3896 omnium
1384 3831 1569 3897 hominum
1611 3840 1650 3896 et
1692 3829 1893 3896 tenendum
1937 3831 1975 3895 in
2021 3838 2059 3896 et
2100 3830 2145 3893 de

636 3962 814 4043 dominiis,
858 3962 1035 4046 maneriis,
1079 3964 1182 4030 terris
1222 3972 1260 4031 et
1303 3964 1515 4032 tenementis
1562 3985 1604 4031 ac
1643 3965 1682 4030 in
1726 3965 1878 4051 singulis
1922 3966 2011 4031 locis
2052 3963 2145 4029 inira

638 4100 855 4185 procinctum
892 4099 1048 4165 eiusdem
1085 4100 1169 4165 ville
1205 4099 1386 4167 Bristollie
1422 4099 1657 4166 existentibus
1688 4120 1752 4185 per
1780 4099 1955 4185 prefatum
1984 4108 2126 4165 metuen

640 4234 824 4301 dissimum
852 4234 1034 4301 dominum
1063 4254 1179 4301 meum
1210 4234 1351 4322 Regem
1379 4235 1483 4301 nobis
1512 4254 1681 4303 concessa
1715 4244 1752 4301 et
1788 4236 1984 4321 assignate,
2015 4233 2141 4301 Castro

489 4414 497 4430 .
542 4415 547 4428 .
639 4378 675 4435 et
709 4366 853 4434 fossatis
880 4367 1038 4435 eiusdem
1067 4367 1183 4437 Cestri
1219 4370 1388 4456 exceptis,
1416 4381 1457 4437 ut
1491 4331 1688 4456 predictum
1723 4379 1802 4447 est;
1850 4390 1990 4437 necnon
2025 4368 2142 4435 exitus

638 4502 834 4571 forisfactos
869 4514 906 4571 et
941 4504 1062 4571 omnis
1096 4524 1165 4591 que
1201 4507 1248 4572 ad
1288 4506 1405 4591 ipsum
1441 4505 1768 4574 metuendissimum
1805 4506 1987 4573 dominum
2023 4524 2140 4570 meum

640 4638 780 4725 Regem
815 4648 852 4705 et
887 4640 1033 4707 heredes
1069 4660 1152 4707 suos
1188 4649 1224 4707 et
1260 4642 1308 4706 ad
1343 4660 1410 4708 nos
1446 4642 1493 4707 sd
1528 4651 1641 4708 totam
1678 4640 1789 4707 vitam
1821 4648 1979 4707 nostmn
2011 4638 2141 4705 virtute

639 4776 876 4843 concessionis
903 4776 1060 4863 predicte
1088 4776 1174 4845 dicti
1203 4778 1483 4845 metuendissimi
1510 4777 1645 4845 domini
1673 4777 1744 4844 mei
1773 4776 1890 4864 Regis
1920 4776 2025 4844 nobis
2050 4774 2141 4840 facte

640 4910 733 4977 infra
754 4910 876 4977 villam
899 4910 1055 4979 Bristoll.
1085 4921 1122 4979 et
1148 4912 1368 5000 procinctum
1391 4912 1548 4980 eiusdem
1573 4913 1749 5000 pertinere
1772 4922 1939 4998 potenmt
1962 4912 2009 4977 de
2034 4929 2139 4989 anno,

642 5049 701 5115 die
736 5058 773 5116 et
807 5058 920 5131 vasto,
952 5048 1181 5119 forisfacturis
1208 5063 1246 5119 et
1273 5052 1425 5120 murdris
1460 5054 1499 5119 in
1535 5052 1812 5139 quibuscumque
1849 5052 1956 5118 curiis
1993 5052 2068 5117 suis
2104 5062 2142 5117 et
