4975 6309
603 766 676 837 228
944 758 1041 851 ube
1064 758 1203 849 little
1226 755 1326 854 ricc
1351 754 1480 846 ticoh
1504 753 1555 843 ot
1579 754 1766 846 rinnel·

599 981 636 1037 et
677 980 791 1053 vasto,
826 969 1055 1039 forisfactiiiis
1091 984 1127 1039 et
1162 970 1315 1041 murdris
1357 969 1395 1035 iii
1434 968 1712 1057 quibuscumque
1746 968 1864 1039 Curiis
1898 972 2030 1041 nostrie
2064 983 2103 1043 et

598 1108 766 1174 heredum
796 1115 1003 1188 nostrorum,
1033 1127 1157 1175 omnes
1184 1107 1347 1174 homines
1374 1117 1412 1173 et
1432 1116 1594 1175 tenentes
1615 1110 1697 1177 illes
1717 1119 1780 1175 aut
1800 1110 1954 1197 aliquem
1978 1130 2101 1181 eorum

600 1254 673 1309 tam
703 1264 821 1311 coram
851 1244 954 1311 nobis
982 1254 1019 1311 et
1046 1244 1235 1313 heredibus
1263 1243 1394 1311 nostris
1425 1264 1532 1329 quani
1562 1264 1681 1311 corani
1709 1246 1814 1315 nobis
1841 1256 1878 1313 et
1912 1248 2101 1319 heredibus

600 1382 730 1449 nostris
764 1380 803 1447 in
840 1379 1060 1449 Cancellaria
1096 1391 1218 1450 nestra
1255 1390 1292 1447 et
1329 1382 1502 1447 heredum
1544 1392 1754 1467 nostrorum,
1792 1402 1931 1453 necnon
1980 1406 2100 1455 coram

597 1515 831 1583 meseratio
859 1526 896 1585 et
923 1516 1124 1585 namneus
1152 1518 1283 1585 nostris
1318 1526 1355 1584 et
1391 1518 1560 1586 ieonum
1595 1527 1795 1589 noseorum
1828 1522 1876 1588 ee
1911 1486 2098 1592 scenio

597 1672 639 1719 ac
682 1672 800 1721 coram
835 1653 1048 1738 Justiciaiiis
1083 1654 1213 1721 nostris
1249 1665 1286 1723 et
1320 1656 1488 1723 heredum
1524 1666 1723 1723 nostrorum
1759 1656 2007 1726 itinerantibus
2049 1662 2097 1727 ad

597 1790 797 1858 communia
835 1792 968 1876 placita
1007 1802 1044 1860 et
1080 1792 1127 1859 ad
1165 1792 1299 1877 placita
1337 1790 1478 1873 foreste,
1507 1802 1544 1860 et
1578 1791 1692 1859 eciam
1727 1811 1847 1859 coram
1884 1792 2095 1877 Justiciariis

597 1928 727 1993 nostris
766 1938 803 1994 et
840 1928 1008 1995 heredum
1048 1940 1247 1997 nostrorum
1284 1930 1330 1996 de
1368 1928 1503 2009 Benco,
1542 1949 1586 1996 ac
1623 1928 1836 2015 Justiciariis
1885 1930 2015 1999 nostris
2058 1942 2095 2001 et

594 2064 763 2131 heredum
790 2074 989 2132 nostrorum
1018 2066 1065 2131 ad
1087 2064 1219 2132 assises
1240 2067 1432 2153 capiendas
1452 2074 1489 2133 et
1509 2066 1635 2153 gaolas
1659 2066 1917 2147 deliberandas,
1939 2068 2094 2137 ececiam

596 2220 714 2269 coram
741 2200 952 2285 Justiciariis
980 2202 1111 2269 nostris
1139 2204 1371 2269 etheredum
1400 2211 1598 2270 nostrorum
1627 2204 1674 2269 ed
1708 2200 1867 2285 felonias,
1896 2211 2095 2290 manseres·

446 2378 453 2391 ·
498 2378 505 2393 ·
595 2336 713 2405 sioncs
740 2348 777 2405 et
805 2336 992 2406 malefacta
1019 2338 1196 2407 audienda
1223 2348 1260 2405 et
1281 2339 1513 2421 terminanda,
1535 2350 1572 2405 et
1592 2340 1640 2405 nd
1660 2338 1870 2425 inquirenda
1889 2340 2094 2427 assignatis,

598 2475 752 2541 aceciam
778 2495 896 2543 coram
927 2474 1133 2543 Senascalle
1161 2485 1198 2543 et
1226 2475 1439 2543 Mareecello
1468 2496 1511 2543 ac
1546 2474 1762 2546 Coronatore
1796 2474 1948 2563 hospicii
1982 2480 2095 2545 nostri

596 2624 631 2681 et
666 2616 834 2682 heredum
870 2624 1069 2683 nostrorum
1104 2634 1148 2683 iic
1183 2614 1320 2683 Cleiicc
1354 2615 1401 2681 de
1436 2622 1601 2694 mercato,
1640 2632 1683 2679 ac
1714 2613 1827 2681 eciam
1860 2632 1980 2679 coram
2014 2614 2096 2681 aliis

592 2751 804 2836 Justiciariis
839 2762 875 2820 et
914 2752 1086 2821 ministris
1128 2752 1260 2821 nostris
1294 2763 1332 2819 et
1366 2753 1537 2819 heredum
1571 2757 1771 2817 nostrorum
1806 2748 2094 2836 quibuscumque,

594 2888 695 2971 fines,
723 2890 988 2977 redempciones
1016 2890 1131 2957 fecere
1158 2890 1216 2957 vel
1245 2890 1439 2971 amerciari,
1469 2896 1532 2955 aut
1560 2886 1761 2973 hujusmodi
1789 2885 1917 2967 exitus,
1952 2888 2095 2953 murdra

595 3042 658 3091 seu
699 3022 948 3106 forisfacturas,
992 3044 1135 3107 annum,
1179 3024 1274 3091 diem
1317 3034 1354 3091 et
1396 3034 1537 3091 vastum
1581 3022 1776 3111 adjudicari
1825 3023 1884 3090 vel
1933 3021 2095 3091 fcrisfieri

593 3162 791 3249 contigerit,
846 3163 935 3230 adeo
985 3162 1090 3248 plene
1133 3172 1169 3229 et
1212 3161 1349 3249 integre
1392 3162 1483 3228 sicut
1532 3182 1577 3228 ea
1626 3161 1836 3227 haberemus
1885 3158 1918 3225 si
1960 3158 2092 3239 villam,

594 3299 809 3381 comitatum,
879 3298 1048 3368 suburbia
1111 3318 1156 3366 cc
1219 3298 1335 3379 feoda,
1399 3308 1511 3367 terres
1563 3309 1600 3365 et
1657 3305 1860 3368 tenementii
1919 3304 1957 3361 et
2014 3294 2095 3361 loca

592 3435 751 3522 predicta
804 3436 842 3502 iii
899 3456 1008 3503 manu
1053 3444 1176 3502 nostra
1227 3435 1503 3516 retinuissemus,
1554 3433 1612 3501 Ita
1661 3434 1757 3521 quod
1813 3432 1921 3500 iidem
1976 3430 2095 3517 Major

592 3584 628 3639 et
672 3572 915 3641 Communitas
958 3572 1114 3659 ejusdem
1149 3571 1235 3639 ville
1277 3570 1459 3638 Bristollie
1499 3579 1537 3637 et
1574 3589 1795 3637 successores
1836 3568 1903 3649 sui,
1946 3569 2096 3637 durante

591 3712 742 3778 termino
798 3710 967 3797 predicto,
1025 3730 1090 3795 per
1145 3728 1273 3775 meiius
1328 3707 1545 3775 vicecomitis
1588 3708 1777 3775 comitatus
1834 3705 1994 3790 predicti,
2037 3705 2094 3773 vei

591 3848 802 3915 balliuorum
847 3856 884 3913 et
926 3844 1166 3913 ministrorum
1209 3864 1352 3912 suorum
1394 3842 1495 3924 fines,
1538 3844 1803 3930 redempciones
1844 3852 1881 3909 et
1924 3842 2093 3910 amercia-

591 3995 712 4051 menta
739 3983 908 4069 predicta,
938 4001 980 4049 ac
1009 3982 1125 4050 exitus
1153 3980 1351 4049 forisfactus
1378 3982 1418 4047 iii
1450 3980 1564 4048 forma
1594 3980 1765 4067 predicte,
1800 3989 1838 4046 et
1872 3979 1993 4046 omnia
2023 3998 2094 4065 que

591 4120 637 4187 ad
666 4140 732 4187 iios
760 4130 797 4187 et
825 4120 939 4188 dictos
966 4120 1112 4187 heredes
1141 4128 1280 4186 nmtros
1315 4117 1354 4183 in
1388 4116 1502 4183 forma
1532 4116 1692 4203 predicta
1726 4115 1901 4203 pertinere
1933 4115 2091 4204 poterint

532 4314 536 4321 .
592 4258 637 4323 de
666 4276 770 4338 enno,
798 4258 858 4325 die
886 4266 923 4325 et
954 4269 1067 4340 vasto,
1103 4256 1334 4327 forisfacturis
1362 4268 1399 4324 et
1430 4256 1593 4335 murdris,
1629 4254 1675 4320 de
1709 4262 1747 4320 et
1780 4252 1820 4320 iii
1856 4250 1960 4319 dictis
1994 4250 2092 4327 villa.

592 4394 771 4475 comitatu,
802 4395 979 4463 suburbiis
1007 4413 1051 4462 ac
1077 4394 1202 4477 feodis,
1234 4396 1348 4475 terris,
1376 4392 1589 4462 tenementis
1623 4400 1660 4456 et
1690 4389 1779 4457 locis
1813 4386 1992 4476 predictis,
2028 4404 2092 4471 per

590 4538 770 4597 exuactas
805 4530 972 4597 scaccarii
1008 4530 1120 4598 nostri
1154 4538 1192 4597 et
1223 4531 1392 4596 heredum
1426 4536 1635 4607 nostrorum,
1672 4522 1816 4593 bailiuis
1850 4530 1888 4588 et
1922 4516 2094 4585 ministris

541 4746 545 4749 ,
593 4666 782 4733 eorundem
811 4665 960 4753 Maioris
987 4674 1025 4733 et
1052 4664 1326 4734 communitatis
1353 4674 1390 4731 et
1422 4680 1662 4731 successorum
1698 4677 1840 4727 suorum
1875 4674 1939 4741 per
1967 4672 2094 4720 manus

595 4802 811 4870 vicecomitis
847 4802 1036 4871 comitatus
1081 4802 1262 4871 Bristollie
1307 4812 1345 4869 et
1383 4820 1623 4871 successorum
1667 4812 1810 4865 suorum
1848 4788 2095 4857 vicecomitum

594 4938 753 5025 ejusdem
782 4938 971 5007 comitatus
998 4958 1063 5026 pro
1092 4947 1250 5025 tempore
1277 4936 1505 5005 mutantium
1537 4936 1576 5003 in
1607 4952 1756 5020 quorum
1790 4926 1945 5008 bellini&
1980 4924 2095 5007 sm»

596 5085 698 5157 terre,
739 5083 943 5142 tenementa
985 5084 1021 5143 et
1067 5076 1147 5143 loca
1192 5074 1353 5161 predicta
1394 5073 1552 5141 existunt
1594 5070 1678 5137 inde
1720 5064 1923 5135 liberendas
1964 5062 2095 5139 leuare,
