4975 6309
588 787 658 861 232
931 762 1029 855 libe
1052 762 1191 852 little
1215 761 1314 852 ileo
1338 760 1467 851 tloolt
1492 760 1543 850 ot
1567 760 1755 851 titbtol.

586 986 622 1043 et
664 976 902 1045 emolumenta
946 996 1009 1045 seu
1051 974 1218 1063 proficua,
1258 976 1341 1061 J‘ura
1383 983 1420 1041 et
1468 972 1738 1041 commoditates
1786 974 1947 1060 predicta
2000 976 2092 1043 infra

584 1112 804 1199 procinctum
833 1114 928 1181 dicte
956 1114 1042 1181 ville
1069 1112 1251 1183 Eristollie
1278 1120 1316 1179 et
1356 1110 1477 1177 omnia
1514 1129 1733 1196 quecumque
1769 1112 1993 1199 emergencia
2027 1133 2092 1181 seu

584 1250 637 1316 eis
665 1250 884 1335 pertinencia
911 1252 957 1317 de
980 1250 1145 1318 omnibus
1170 1248 1385 1329 bominibus,
1406 1246 1643 1314 residentibus
1670 1256 1709 1314 et
1737 1265 1810 1315 uon
1843 1248 2091 1334 residentibus,

584 1386 722 1474 integre
762 1388 962 1455 teuencium
1001 1388 1077 1455 siue
1111 1406 1184 1455 non
1226 1388 1375 1473 integre,
1413 1387 1460 1452 de
1497 1385 1662 1453 omnibus
1697 1388 1803 1454 rebus
1845 1386 1938 1455 inira
1976 1388 2090 1457 dictos

583 1524 801 1606 comitatum,
830 1526 953 1593 villam
982 1534 1018 1593 et
1053 1526 1272 1612 procinctum
1308 1526 1583 1610 emergentibus,
1611 1526 1703 1593 adeo
1737 1524 1845 1610 plene
1877 1536 1915 1592 et
1949 1526 2088 1613 integre

583 1658 674 1727 sicut
702 1680 746 1727 ea
774 1680 840 1727 nos
867 1662 1078 1730 baberemus
1103 1662 1134 1728 si
1163 1662 1286 1729 villam
1315 1662 1509 1749 predictam
1537 1663 1576 1728 in
1604 1680 1714 1729 manu
1741 1671 1864 1729 nostra
1883 1661 2087 1731 retinuisse·

581 1814 672 1862 mus.
716 1794 916 1865 Reddendo
937 1798 1022 1866 inde
1042 1799 1227 1867 annuatim
1249 1798 1354 1865 nobis
1374 1808 1411 1865 et
1432 1798 1620 1867 heredibus
1640 1798 1772 1867 nostris
1792 1799 1841 1865 ad
1861 1797 2086 1868 Soaccatium

582 1942 742 2001 nostrum
768 1954 792 2000 a
811 1933 907 2001 dicto
935 1934 1026 2003 festo
1047 1934 1173 2003 Sancti
1192 1935 1391 2017 Michaelis,
1414 1937 1566 2003 durante
1587 1936 1738 2003 termino
1759 1936 1890 2024 viginti
1913 1956 2085 2005 annorum

581 2070 829 2157 predictorum,
858 2081 1000 2140 centum
1029 2082 1068 2140 et
1094 2074 1184 2141 duas
1212 2072 1334 2154 libras,
1364 2073 1564 2160 quindecim
1589 2073 1724 2141 solidos
1751 2083 1789 2141 et
1817 2092 1883 2140 sex
1909 2074 2086 2155 denarios,

582 2208 630 2275 ad
657 2208 749 2275 festa
773 2208 911 2277 Pesche
939 2217 976 2276 et
1006 2208 1133 2278 Sancti
1159 2208 1348 2277 Michaelis
1376 2208 1596 2295 Archangeli
1623 2228 1688 2294 per
1715 2209 1860 2294 equales
1887 2210 2084 2295 porciones,

582 2353 618 2413 et
646 2344 783 2413 Abbati
799 2347 845 2414 de
868 2345 1097 2434 Teukesbury
1120 2356 1157 2414 et
1181 2344 1442 2415 sumessoribus
1466 2345 1541 2412 suis
1564 2365 1630 2430 pm
1652 2346 1801 2413 decimis
1823 2346 1909 2414 ville
1930 2347 2087 2431 predicte

581 2482 845 2568 quatuordecim
882 2482 992 2553 libras
1024 2493 1061 2551 et
1089 2484 1212 2553 decem
1241 2482 1397 2558 solidos;
1434 2482 1550 2549 Priori
1578 2480 1703 2550 Sancti
1730 2481 1866 2566 Jacobi,
1894 2482 2087 2565 Bristollie,

580 2626 617 2685 et
641 2619 900 2687 successoribus
926 2620 1001 2688 suis
1024 2621 1070 2689 de
1091 2640 1210 2688 annuo
1234 2619 1375 2687 redditu
1394 2618 1590 2685 molendini
1610 2618 1696 2685 ville
1715 2618 1874 2705 predicte
1897 2618 2088 2706 sexaginta

580 2757 734 2836 solidos;
783 2758 1055 2827 Constabulario
1091 2759 1208 2829 Castri
1244 2758 1426 2825 Bristollie
1461 2764 1499 2823 et
1532 2754 1705 2823 ministris
1733 2754 1808 2823 suis
1835 2774 1901 2842 pro
1929 2764 2088 2841 tempore

580 2894 823 2975 existentibus,
852 2895 1016 2964 videlicet
1044 2895 1196 2980 Janitori
1231 2906 1270 2965 et
1304 2894 1498 2984 Vigilaton
1532 2893 1620 2961 dicti
1655 2891 1773 2961 Castri
1807 2902 1845 2961 et
1877 2892 2088 2961 Forestariia

580 3028 626 3095 de
650 3028 912 3115 Kyngeswode,
934 3030 1084 3119 triginta
1112 3040 1148 3097 et
1177 3048 1307 3099 nouem
1336 3030 1458 3111 libres,
1492 3028 1758 3116 quamordecim
1791 3030 1926 3097 solidos
1957 3039 2006 3106 et,
2024 3048 2089 3097 sex

582 3165 758 3246 denarios,
800 3166 990 3235 soluendos
1025 3168 1209 3236 annumim
1247 3168 1398 3233 durante
1437 3164 1587 3233 termino
1624 3164 1784 3251 predicto
1820 3166 1868 3231 ad
1910 3164 2088 3251 predictos

435 3388 438 3393 Ι
581 3303 671 3369 duos
708 3301 794 3369 anni
831 3300 1001 3369 terminos
1040 3321 1104 3390 per
1141 3302 1286 3389 equales
1323 3302 1509 3387 porciones
1548 3320 1613 3386 pro
1652 3301 1818 3369 omnibus
1854 3299 2015 3368 seruicils
2050 3308 2087 3367 et

581 3437 756 3506 oneribus.
800 3436 850 3507 Et
883 3439 1030 3507 ulterius
1065 3441 1112 3508 de
1145 3439 1299 3509 uberiori
1333 3440 1458 3527 gracia
1500 3449 1623 3508 nosne
1660 3448 1699 3507 et
1732 3440 1772 3505 in
1805 3440 1977 3507 auxilium
2013 3449 2087 3507 tam

581 3594 759 3643 murorum
789 3574 885 3643 Kaie
911 3576 997 3645 ville
1016 3575 1176 3663 predicte
1197 3596 1305 3663 quam
1328 3576 1478 3644 aliorum
1499 3594 1679 3643 murorum
1701 3585 1738 3644 et
1758 3576 1908 3662 pedagii
1930 3575 2089 3662 dudan

581 3712 666 3780 ville
706 3713 981 3799 reparandorum
1018 3722 1055 3781 et
1090 3714 1391 3781 emendandorum
1426 3711 1665 3781 concessimus
1699 3710 1847 3799 prefatis
1882 3711 2013 3797 Maiori
2051 3720 2089 3779 et

581 3848 834 3918 Communitati
862 3860 900 3920 et
929 3852 1188 3920 suecessoribus
1217 3852 1292 3921 suis
1320 3850 1416 3937 quod
1444 3848 1514 3935 ipsi
1542 3868 1589 3915 ex
1616 3867 1722 3930 nunc,
1750 3848 1901 3917 durante
1932 3850 2087 3918 termino

579 3984 748 4069 predicto,
788 3985 932 4073 capiant
972 3987 1164 4055 derebus
1201 3986 1388 4055 venalibus
1427 3987 1474 4054 ad
1512 3986 1636 4053 villam
1672 3986 1868 4072 predictam
1906 3996 1983 4055 tam
2023 4004 2087 4073 per

580 4127 710 4187 terram
738 4140 846 4207 quam
873 4140 938 4207 per
966 4142 1097 4211 aquam
1124 4123 1350 4193 venientibus
1373 4144 1438 4211 per
1473 4142 1602 4191 manus
1631 4122 1775 4191 illorum
1809 4143 1900 4211 quos
1936 4124 1984 4191 ud
2018 4124 2088 4192 boc

580 4256 838 4343 deputaueuiot,
895 4267 932 4327 et
996 4278 1062 4347 pro
1126 4260 1257 4346 quibus
1312 4257 1526 4347 respondere
1582 4258 1759 4327 voluerint
1815 4258 2087 4326 consuetudines

581 4392 809 4479 subscriptas,
851 4394 1015 4463 videlicet
1057 4396 1103 4465 de
1145 4394 1305 4482 qualibet
1346 4395 1443 4465 naui¹
1480 4396 1691 4464 mercatoria
1732 4414 1813 4463 cum
1857 4395 2087 4465 mermudisis

581 4524 672 4595 inira
724 4536 867 4614 portum
923 4528 1056 4597 ibidem
1113 4529 1316 4618 applicante
1372 4533 1525 4622 singolis
1580 4530 1718 4600 vicibus
1771 4530 1901 4618 quibus
1953 4532 2085 4600 ibidem

582 4661 815 4748 applicauerit
863 4682 929 4733 sex
978 4664 1153 4747 denarios,
1204 4667 1250 4734 de
1296 4668 1455 4753 qualibet
1497 4666 1602 4737 usaue¹
1628 4686 1710 4737 cum
1752 4668 1852 4754 pisce
1889 4668 1948 4737 vel
1990 4668 2088 4737 aleos

581 4809 725 4869 circata
777 4799 910 4869 ibidem
964 4802 1168 4889 applicante
1220 4812 1373 4891 quatuor
1423 4802 1599 4885 denados,
1646 4804 1694 4871 de
1746 4802 1905 4890 quolibet
1956 4803 2089 4870 batallo

582 4936 792 5005 mercatorio
834 4938 892 5007 vel
929 4938 1120 5026 piscatorio
1159 4958 1240 5009 cum
1283 4939 1524 5022 mercandisis,
1563 4940 1663 5027 pisce
1704 4940 1764 5009 vel
1807 4942 1906 5009 aleco
1947 4948 2088 5007 carcato

583 5071 716 5143 ibidem
754 5073 957 5162 applicante
992 5079 1081 5146 duos
1116 5076 1292 5161 denarios,
1329 5080 1376 5146 de
1418 5078 1572 5167 singolis
1614 5078 1802 5167 quarteriis
1844 5077 2010 5147 humenti
2053 5087 2090 5142 et

1238 5226 1312 5283 ¹Slc
1326 5232 1354 5283 in
1367 5230 1432 5287 us,
