4975 6309
596 809 648 880 ⁶0
936 793 1033 886 cbo
1055 793 1195 883 little
1219 793 1317 883 lleo
1342 793 1471 883 tloob
1496 793 1546 882 ot
1577 795 1762 886 tlrtstot

597 1007 801 1077 deffendere
819 1026 926 1093 super
945 1005 1163 1074 eseonietum
1184 1007 1223 1073 in
1244 1004 1471 1073 interlineare
1491 1009 1588 1093 quod
1609 1009 1787 1076 constabit
1808 1009 1980 1076 indicanti
2001 1029 2107 1096 super

596 1143 856 1230 lnspeccionem
878 1143 1108 1230 querelarum,
1131 1153 1167 1210 et
1193 1142 1226 1210 si
1253 1142 1300 1210 sit
1324 1142 1478 1228 primum
1504 1145 1682 1214 essonium
1705 1153 1859 1232 ponatur
1883 1145 1920 1212 in
1945 1147 2107 1233 margine

596 1281 704 1348 rotuli
725 1282 764 1348 in
777 1278 895 1366 capite
908 1279 1040 1346 essenii
1054 1279 1122 1346 ne!
1145 1289 1182 1345 et
1196 1278 1228 1345 si
1253 1279 1300 1358 sit
1320 1288 1403 1366 post
1422 1281 1560 1346 vnsern¹
1590 1280 1659 1369 (sic)
1682 1289 1836 1369 ponatur
1854 1282 1919 1349 uel
1947 1293 1983 1350 et
2004 1283 2107 1350 detur

597 1418 777 1486 mutato
790 1416 868 1484 dies
880 1437 944 1503 per
957 1415 1210 1484 enatantem
1225 1435 1328 1482 suum
1340 1417 1531 1484 secundum
1546 1417 1642 1504 quod
1655 1419 1852 1504 predictum
1866 1429 1922 1486 est
1937 1420 1975 1486 in
1989 1421 2104 1506 primo

597 1555 765 1640 capitulo,
786 1563 823 1622 et
844 1555 981 1620 dicatur
993 1553 1203 1619 essoniatori
1224 1555 1320 1638 quod
1342 1551 1461 1620 affidet
1482 1554 1527 1621 de
1542 1563 1699 1622 waranto
1714 1575 1779 1623 suo
1792 1556 1958 1651 habendo
1972 1557 2103 1624 ibidem

599 1691 646 1754 ad
669 1688 868 1774 proximam
892 1689 1025 1755 curiam
1051 1698 1088 1755 et
1110 1697 1195 1754 bunc
1214 1689 1248 1754 le
1266 1686 1433 1754 affidauit.
1480 1687 1544 1755 Set
1564 1689 1746 1757 sciendum
1765 1694 1860 1777 quod
1878 1713 1951 1760 non
1972 1693 2104 1760 iurabit

598 1826 690 1892 sicut
703 1835 802 1912 patet
816 1825 973 1911 capitulo
986 1826 1032 1891 de
1052 1823 1203 1892 essoniis
1225 1824 1264 1890 in
1286 1824 1536 1912 Marlebergie²
1557 1826 1713 1912 capitulo
1733 1827 1825 1913 xvij⁰
1847 1838 1902 1896 set
1916 1829 2106 1916 apponitur

598 1963 714 2028 udbuc
738 1963 774 2028 le
798 1959 957 2028 affidauit
978 1970 1122 2047 propter
1147 1960 1331 2047 antiquam
1361 1963 1661 2029 consuetudinem.
1717 1961 1781 2031 Set
1815 1965 1847 2032 si
1878 1985 1951 2032 non
1982 1967 2103 2032 veniat

598 2118 664 2166 nec
692 2098 872 2165 esconium
899 2098 1020 2165 mittat
1047 2097 1268 2164 custodiatur
1296 2098 1474 2165 districtio
1496 2099 1559 2166 illa
1579 2111 1617 2166 et
1637 2101 1872 2188 distringetur
1892 2102 2019 2170 melius
2047 2103 2105 2170 vel

597 2235 709 2322 plegii
723 2235 779 2301 eui
793 2235 825 2301 si
838 2235 916 2321 ipse
929 2233 1019 2301 forte
1035 2232 1126 2300 infra
1141 2243 1256 2302 metas
1270 2235 1417 2301 mercati
1432 2254 1504 2301 non
1519 2236 1731 2304 inueniatur.

598 2557 685 2639 DE
744 2558 833 2636 ΑΤ
832 2557 1043 2636 TACHIA
1053 2558 1145 2635 TIS·
1194 2559 1314 2636 PER
1384 2557 1617 2637 VADIUM
1683 2558 1791 2638 VEL
1859 2561 2109 2639 PLEGIOS

603 2711 710 2805 QUI
750 2710 881 2788 NON
929 2706 1208 2796 VENIUNT;
1276 2711 1417 2803 QUID
1476 2709 1572 2786 SIT
1621 2711 1982 2791 FACIENDUM
2023 2713 2108 2792 DE

882 2858 1275 2937 ATTACHIATIS
1322 2859 1410 2936 ET
1451 2860 1537 2937 DE
1586 2860 1827 2938 PLEGIIS.

728 3041 771 3112 si
793 3043 978 3110 attecbieti
1003 3043 1076 3109 sint
1099 3052 1281 3129 presentes
1304 3041 1342 3110 in
1368 3041 1653 3111 ettacbiamentis
1671 3041 1776 3110 fectis
1790 3043 1842 3109 ita
1855 3043 1950 3130 quod
1964 3052 2103 3110 constet

596 3181 655 3246 vel
683 3178 736 3248 ira
762 3199 873 3266 prope
900 3179 967 3246 fuit
991 3178 1086 3266 quod
1114 3178 1297 3246 euidenter
1325 3179 1378 3246 eis
1411 3189 1573 3247 constare
1601 3181 1731 3266 poterit
1760 3200 1831 3267 quo
1865 3179 1923 3246 die
1958 3179 2103 3246 venient

596 3317 800 3402 responsuri
820 3316 859 3384 in
883 3315 991 3384 Curia
1013 3324 1050 3382 et
1073 3315 1137 3382 illo
1161 3316 1220 3382 die
1244 3313 1425 3383 delieltam
1447 3313 1604 3397 fecerim,
1628 3325 1786 3384 seruetur
1807 3325 1892 3382 bunc
1906 3335 2029 3382 versus
2042 3335 2105 3383 eos

597 3471 783 3538 processus
818 3453 924 3520 datus
961 3452 1000 3518 in
1034 3449 1106 3518 fine
1137 3451 1285 3538 capituli
1314 3449 1355 3517 de
1374 3451 1512 3518 essonr’r's
1541 3453 1702 3539 proxime
1734 3452 1943 3538 subscripti;
1981 3461 2018 3518 et
2053 3451 2105 3520 sic

598 3589 768 3674 quamdiu
789 3587 967 3656 disuicdo
991 3607 1097 3674 super
1121 3589 1220 3674 ipsos
1243 3589 1302 3655 vel
1324 3589 1463 3676 plegios
1487 3609 1572 3656 suos
1597 3589 1749 3656 inueniri
1769 3591 1901 3676 poterit
1922 3608 2104 3676 quousque

597 3725 755 3806 reniam,
769 3733 899 3792 etcum
914 3724 1091 3791 districcio
1104 3725 1143 3791 in
1156 3723 1271 3792 forms
1291 3725 1450 3810 predicte
1468 3726 1614 3793 vlterius
1628 3725 1780 3793 inueniri
1795 3747 1868 3793 non
1881 3727 2021 3813 poterit,
2038 3745 2102 3792 nec

597 3862 745 3929 veniant
770 3861 973 3928 huiusmodi
1000 3861 1185 3927 amcbiuti
1213 3869 1345 3928 extunc
1371 3861 1628 3928 demandentur
1663 3863 1894 3946 solempniter
1930 3861 1976 3928 ed
2014 3862 2105 3928 duas

599 3997 724 4068 Curias
747 3997 939 4084 proximas,
962 4007 999 4064 et
1024 4000 1070 4063 sd
1093 3997 1238 4064 terciam
1264 3996 1296 4064 si
1321 4015 1394 4064 non
1417 3999 1562 4066 veniant
1587 3963 1822 4066 admittantur
1848 4006 2035 4085 querentes
2060 3997 2107 4062 ad

597 4135 800 4222 ponendum
814 4143 851 4201 et
864 4135 1086 4220 probandum
1099 4134 1312 4202 demandam
1328 4153 1391 4201 seu
1405 4135 1583 4221 querelam
1598 4134 1692 4222 quod
1706 4133 1791 4202 facit
1805 4136 1851 4202 de
1864 4135 1943 4220 ipso
1958 4136 2105 4202 absente

601 4271 665 4359 qui
678 4270 894 4337 anschiarus
909 4278 965 4336 eet
978 4289 1042 4356 per
1061 4270 1263 4338 huiusmodi
1288 4271 1385 4337 bona
1404 4279 1442 4338 et
1462 4271 1717 4346 mercandum
1738 4269 1833 4357 quod
1855 4270 1887 4337 si
1908 4269 2112 4356 probauerit

600 4406 800 4472 habeantur
812 4403 1040 4473 defendentes
1052 4424 1118 4493 pro
1132 4407 1308 4474 conuictie
1322 4416 1359 4473 et
1373 4407 1495 4473 statim
1514 4407 1761 4492 appretientur
1782 4407 1879 4474 bona
1895 4427 1958 4474 seu
1979 4408 2110 4474 catalla

602 4559 667 4626 per
679 4539 717 4626 iij
733 4539 839 4626 velrj
855 4541 986 4626 probos
999 4549 1036 4606 et
1049 4541 1185 4627 legales
1203 4549 1416 4610 mercatores
1438 4552 1500 4609 aut
1521 4544 1640 4627 plures
1662 4540 1695 4608 si
1717 4561 1862 4609 necesse
1883 4541 1988 4608 buerit
2010 4541 2112 4608 iuxta

603 4675 837 4764 quantitatem
866 4677 1040 4744 demando
1068 4687 1105 4745 et
1132 4677 1306 4746 bonorum
1335 4678 1607 4746 anschiatorum
1643 4679 1776 4746 iuratos
1806 4689 1843 4747 et
1871 4679 1986 4747 neutri
2016 4681 2110 4766 parti

604 4823 789 4902 mspectos
802 4822 839 4880 et
851 4833 915 4900 per
929 4823 1062 4882 certum
1076 4815 1232 4901 precium
1247 4816 1439 4884 liberentur
1449 4815 1609 4903 querenti
1620 4815 1808 4902 pervisum
1820 4826 1857 4882 et
1867 4815 2109 4882 testimonium

604 4951 745 5020 illorum
760 4950 1060 5037 appreciatorumr
1082 4960 1119 5019 et
1135 4953 1313 5020 residuum
1329 4955 1469 5039 siquod
1483 4953 1588 5020 fuerit
1602 4953 1819 5020 custodiatur
1833 4951 1871 5019 in
1894 4953 2006 5040 gylde
2027 4953 2109 5018 aula

608 5119 761 5189 ‘niumm
803 5119 1435 5192 ''l‘ueSleluledlderlborongbsfflenlIL
1467 5121 2112 5178 TbieiscbniuTheSteluteeollheRerlm.
