4975 6309
574 763 621 833 82
914 755 1009 846 libe
1033 756 1171 846 little
1196 757 1295 846 tlte
1319 756 1448 848 tiocli
1474 759 1524 847 of
1554 757 1739 849 tittstot

565 967 690 1032 eodem
725 967 839 1034 eidem
874 967 955 1035 Ade
983 969 1091 1036 soluit
1124 978 1161 1035 et
1188 969 1358 1055 scriptum
1387 971 1630 1056 acquietancie
1657 973 1704 1038 ab
1742 991 1785 1038 eo
1820 972 1951 1040 ibidem
1985 974 2080 1060 cepit

565 1111 603 1168 et
630 1104 780 1169 eandem
809 1105 1088 1189 acquietanciam
1117 1106 1155 1170 in
1184 1105 1345 1190 predicta
1378 1105 1485 1174 Curia
1520 1108 1706 1193 proposuit
1736 1109 1775 1174 in
1804 1128 1874 1193 qua
1904 1120 1987 1177 sunt
2015 1130 2081 1178 sex

569 1246 678 1304 testes
716 1240 890 1304 nominati
928 1241 989 1325 qui
1030 1261 1153 1307 omnes
1182 1251 1219 1307 et
1249 1243 1382 1328 singuli
1411 1251 1494 1310 sunt
1522 1243 1657 1311 leoffati
1686 1253 1723 1312 et
1758 1246 1954 1313 residentes
1988 1245 2080 1313 infra

567 1375 768 1442 libertatem
803 1375 929 1443 Sancti
968 1378 1139 1465 Botulphi
1177 1390 1216 1447 vt
1254 1380 1340 1446 dicit
1375 1391 1441 1448 etc.
1500 1381 1635 1449 Datum
1674 1390 1729 1448 est
1770 1382 1865 1468 apud
1907 1379 2078 1449 Sanctum

569 1513 786 1599 Botulphum
815 1515 854 1580 in
882 1516 1036 1582 crastino
1065 1516 1190 1584 Sancti
1223 1517 1366 1598 Botulfi,
1401 1538 1496 1585 anno
1532 1517 1635 1605 regni
1679 1519 1775 1606 regis
1809 1519 1975 1585 Edwardi
2012 1518 2078 1586 filii

569 1652 665 1736 regis
694 1650 842 1718 Henrici
869 1653 968 1737 xiij.”
1023 1652 1103 1738 Qua
1135 1656 1379 1740 acquietancia
1413 1657 1502 1740 visa,
1543 1657 1636 1724 lecta
1676 1666 1713 1723 et
1752 1658 1945 1738 intellecta,
1982 1663 2018 1722 et
2055 1678 2078 1721 a

571 1791 730 1873 predicto
758 1791 877 1855 Adam
907 1793 1067 1876 plenarie
1096 1793 1257 1877 inspecta
1284 1794 1472 1860 ¹consitum
1507 1793 1575 1860 fuit
1609 1795 1656 1860 ab
1692 1811 1735 1859 eo
1767 1795 1798 1860 si
1835 1793 2077 1878 acquietancia

569 1927 634 1991 illa
660 1927 727 1993 fuit
746 1928 878 1994 factum
908 1949 1021 1996 suum.
1066 1930 1115 1995 Et
1138 1931 1183 1996 de
1208 1932 1277 1998 hoc
1301 1931 1420 2016 posuit
1449 1951 1489 1997 se
1516 1939 1591 1996 tam
1622 1951 1728 2016 super
1752 1939 1861 1997 testes
1885 1931 1923 1996 in
1951 1930 2076 1996 eadem

570 2061 813 2146 acquietancia
837 2064 1039 2131 nominatos
1063 2087 1170 2150 quam
1200 2087 1306 2153 super
1336 2067 1488 2152 patriam
1515 2068 1577 2134 vbi
1612 2067 1856 2152 acquietancia
1881 2067 1944 2132 illa
1978 2065 2073 2132 facta

569 2201 644 2267 fuit.
703 2203 761 2268 Et·
784 2203 962 2288 predictus
1004 2205 1207 2272 Bernardus
1244 2205 1332 2271 dicit
1372 2206 1468 2290 quod
1508 2204 1585 2290 ipse
1625 2203 1673 2269 ad
1711 2204 1780 2268 hoc
1820 2201 1960 2268 admitti
2001 2221 2077 2294 non
2127 2217 2130 2224 ’

566 2334 693 2411 debet;
737 2337 824 2402 dicit
863 2339 958 2404 enim
998 2341 1094 2424 quod
1132 2341 1209 2426 ipse
1247 2341 1314 2407 fuit
1348 2344 1441 2409 alias
1476 2343 1690 2408 attachiatus
1736 2340 1870 2408 scilicet
1909 2341 1972 2426 xiij
2016 2339 2076 2406 die

567 2471 664 2554 Junii
704 2494 799 2540 anno
840 2477 944 2561 regni
982 2478 1078 2563 regia
1121 2478 1287 2549 Edwardi
1326 2480 1392 2545 filii
1429 2479 1544 2564 Regis
1581 2478 1729 2544 Henrlci
1769 2479 1805 2562 xj
1849 2477 1887 2542 in
1922 2477 2076 2544 Ciuitate

568 2607 727 2674 London.
761 2610 808 2674 ad
849 2614 1132 2697 respondendum
1176 2617 1291 2682 eidem
1335 2614 1416 2681 Ade
1459 2614 1504 2679 de
1548 2615 1673 2679 eodem
1717 2611 1838 2678 debito
1882 2612 2074 2676 secundum

568 2743 685 2829 legem
724 2757 761 2810 et
800 2749 1090 2816 consuetudinem
1131 2752 1376 2819 mercatoriam
1417 2770 1535 2816 coram
1579 2749 1784 2817 vicecomite
1839 2749 1997 2815 London.
2037 2748 2075 2813 in

568 2883 679 2966 gylde
722 2885 805 2949 aula
850 2885 993 2963 ibidem,
1036 2898 1072 2954 et
1113 2892 1208 2974 quod
1250 2891 1327 2976 ipse
1369 2888 1501 2956 ibidem
1539 2887 1639 2954 venit
1675 2896 1712 2953 et
1752 2885 1790 2950 in
1828 2887 1935 2970 plena
1978 2883 2076 2950 curia

567 3020 717 3085 eandem
755 3022 1033 3106 acquietanciam
1072 3028 1109 3092 in
1150 3026 1354 3112 placitando
1394 3033 1518 3090 contra
1557 3022 1674 3107 ipsum
1717 3022 1837 3088 Adam
1880 3019 2074 3106 proposuit,

568 3176 640 3240 qua
683 3158 926 3242 acquietancia
969 3162 1101 3229 ibidem
1144 3175 1230 3228 tunc
1272 3173 1346 3229 tam
1385 3182 1430 3226 ex
1471 3168 1572 3246 parte
1612 3158 1716 3227 Curie
1757 3177 1864 3242 quam
1896 3177 1944 3222 ex
1972 3165 2075 3242 parte

568 3293 680 3376 ipsius
716 3295 798 3361 Ade
837 3297 930 3362 lecta
968 3308 1005 3364 et
1045 3300 1235 3379 intellecta,
1271 3299 1365 3365 idem
1400 3298 1520 3364 Adam
1560 3295 1754 3382 predictam
1795 3293 2073 3378 acquietanciam

568 3428 705 3496 dedixit
733 3433 878 3499 omnino
907 3444 944 3499 et
968 3436 1063 3520 quod
1091 3437 1169 3522 ipse
1198 3455 1380 3521 nunquam
1409 3434 1509 3500 illam
1543 3431 1822 3518 acquietanciam
1851 3431 1935 3496 iecit
1963 3440 2001 3496 et
2028 3431 2073 3495 de

471 3612 477 3625 .
566 3569 636 3634 hoc
664 3577 748 3633 tunc
777 3569 868 3634 sicut
897 3589 991 3636 nunc
1016 3573 1135 3656 posuit
1163 3593 1201 3638 se
1236 3583 1311 3638 tam
1345 3591 1450 3657 super
1485 3578 1595 3636 testes
1633 3569 1671 3634 in
1711 3571 1834 3634 mdem
1873 3567 2074 3634 nominatos

566 3725 674 3788 quam
699 3727 805 3790 super
832 3710 923 3776 alios
947 3711 1078 3795 probos
1103 3720 1139 3775 et
1165 3710 1301 3795 legales
1323 3709 1485 3775 homines
1508 3709 1552 3774 de
1577 3707 1716 3774 visneto
1742 3705 1865 3774 Sancti
1891 3705 2072 3791 Botulphi.

565 3839 614 3906 Et
642 3842 737 3926 quod
766 3862 832 3909 nec
860 3845 1010 3929 predicti
1037 3855 1147 3912 testes
1177 3867 1243 3912 nec
1273 3846 1335 3913 alii
1364 3847 1467 3930 probi
1499 3845 1663 3912 homines
1688 3845 1734 3912 de
1767 3844 1906 3910 visneto
1949 3841 2073 3910 Sancti

567 3978 737 4063 Botulphi
780 3978 922 4047 fuerunt
965 3981 1057 4049 infra
1099 3993 1313 4068 potestatem
1357 4003 1419 4049 seu
1462 3984 1662 4050 libertatem
1699 3981 1865 4050 Ciuitatis
1901 3981 2072 4062 London„

563 4114 741 4198 predictus
776 4117 979 4184 Bernardus
1008 4119 1089 4186 illos
1117 4120 1292 4186 adducere
1325 4139 1391 4185 nec
1419 4119 1514 4186 circa
1550 4120 1724 4205 premissa
1757 4117 1954 4184 examinari
1995 4117 2073 4182 sine

564 4250 698 4316 auxilio
731 4253 888 4336 predicte
924 4252 1028 4321 Curie
1067 4254 1182 4322 facere
1214 4255 1330 4340 potuit
1355 4265 1459 4340 prout
1484 4252 1625 4334 iurauit,
1646 4262 1683 4320 et
1711 4254 1758 4319 ab
1777 4251 1858 4318 aliis
1883 4250 2073 4338 fidedignis

563 4386 630 4452 fuit
658 4397 744 4453 tunc
773 4388 906 4456 ibidem
934 4399 1103 4457 testatum
1131 4412 1196 4477 per
1224 4393 1373 4458 eandem
1403 4390 1556 4472 Curiam,
1586 4390 1704 4457 extitit
1739 4389 1930 4455 secundum
1955 4389 2072 4474 legem

564 4535 602 4592 et
644 4529 935 4595 consuetudinem
989 4532 1235 4597 mercatoriam
1287 4531 1547 4597 consideratum
1592 4547 1697 4612 super
1739 4525 1809 4592 hiis
1851 4525 1995 4591 balliuis
2038 4534 2074 4590 et

564 4664 687 4748 probis
715 4663 920 4732 hominibus
950 4666 1076 4734 Sancti
1112 4667 1283 4753 Botulphi
1317 4676 1354 4733 et
1389 4666 1548 4732 eiusdem
1587 4662 1657 4729 loci
1697 4659 1971 4728 Communitatis
2006 4661 2074 4726 sub

565 4799 686 4885 sigillo
716 4801 810 4867 dicte
847 4804 1005 4888 gildaule
1042 4803 1117 4871 fore
1154 4804 1364 4870 mittendum
1401 4804 1448 4869 ob
1483 4795 1745 4866 vicicitudinem
1783 4794 2071 4861 intermutuarurn

564 4944 748 5020 optentum
787 4940 947 5025 rogando
986 4943 1081 5026 quod
1118 4941 1188 5026 ipsi
1224 4948 1420 5006 conuocata
1457 4935 1563 5004 Curia
1599 4951 1664 4998 sua
1696 4941 1732 4998 et
1770 4931 1850 4997 aliis
1880 4950 1998 4998 eoram
2034 4951 2072 4997 se

784 5109 943 5177 ¹qnesitnm,
966 5111 1010 5163 the
1027 5113 1108 5164 scnbe
1128 5111 1221 5175 having
1243 5109 1320 5160 taken
1340 5107 1384 5159 the
1405 5123 1423 5174 q
1444 5107 1483 5158 lor
1502 5105 1545 5158 the
1565 5101 1723 5156 contractiori
1744 5101 1783 5152 lor
1803 5117 1860 5154 con.
