4975 6309
759 751 857 846 ube
880 750 1141 845 littlcllco
1167 754 1373 845 boote
1401 756 1590 849 §aaut
1855 783 1929 860 199

414 966 592 1052 Iohannis
634 965 800 1035 Leuecok
841 975 879 1034 et
921 965 1076 1055 Agnetis
1118 968 1239 1037 uxoris
1281 969 1371 1057 eius
1435 968 1485 1037 Et
1526 970 1636 1039 iidem
1668 970 1853 1056 Jobannee
1889 983 1927 1041 et

416 1100 595 1171 Ricardus
634 1112 673 1171 et
715 1120 937 1172 successores
979 1104 1035 1171 sui
1079 1104 1257 1191 capellani
1294 1103 1335 1173 in
1376 1106 1528 1175 ecclesia
1564 1109 1761 1195 parochiali
1800 1108 1928 1179 Sancti

413 1236 599 1323 Johannis,
623 1238 825 1327 Brystollie,
849 1237 1090 1327 Wygornensi
1116 1240 1259 1325 diocesi,
1281 1242 1434 1331 singudis
1453 1244 1580 1313 diebus
1603 1246 1652 1314 ad
1679 1248 1793 1315 altare
1819 1248 1927 1317 beate

413 1376 529 1447 Maria
557 1378 651 1447 dicte
679 1378 829 1447 ecclesie
855 1379 953 1447 boris
989 1380 1272 1465 competentibus
1308 1380 1431 1449 diuina
1468 1382 1648 1451 celebrent
1685 1404 1752 1472 pro
1789 1385 1924 1454 salubri
2049 1448 2061 1475 ‚

413 1522 511 1583 statu
539 1515 675 1584 domini
703 1514 831 1605 Regis.
868 1515 1017 1603 Maioris
1049 1526 1087 1584 et
1123 1516 1397 1587 Communitatis
1430 1518 1517 1587 ville
1555 1518 1747 1601 Bristollie,
1785 1528 1823 1587 et
1857 1541 1923 1608 pro

413 1652 547 1721 salubri
583 1662 680 1721 stetu
707 1672 788 1721 meo
817 1664 854 1721 et
878 1651 1034 1721 Isabelle
1060 1656 1182 1721 uxoris
1211 1675 1301 1736 mee,
1328 1656 1414 1721 dum
1442 1653 1646 1739 vixerimus,
1683 1619 1821 1725 necnon
1857 1678 1924 1747 pro

411 1788 600 1857 animabus
621 1790 753 1859 nostris
774 1810 854 1859 cum
876 1791 922 1859 de
942 1792 1011 1859 bac
1031 1791 1110 1859 luce
1135 1791 1418 1879 migrauerimus,
1440 1812 1507 1880 pro
1527 1794 1715 1863 animabus
1735 1804 1923 1883 parentum

412 1936 612 1994 nostrorum
669 1938 707 1997 et
757 1927 916 1997 omnium
973 1926 1131 1995 fidelium
1186 1928 1431 1997 destructorum
1483 1930 1599 1997 indies
1652 1930 1922 2018 imperpetuum.

412 2062 630 2132 Habendunr
644 2074 683 2132 et
695 2065 900 2148 tenendum,
916 2064 1182 2153 percipiendum
1200 2074 1238 2133 et
1258 2066 1450 2135 leuandum
1469 2064 1666 2154 predictum
1687 2064 1922 2154 mesuagium,

410 2200 588 2287 patinas
616 2200 779 2269 undecim
808 2202 969 2284 libratas,
1010 2223 1076 2269 sex
1112 2202 1286 2271 solidatas
1321 2212 1359 2271 et
1394 2213 1476 2271 octo
1511 2203 1714 2271 denariatas
1750 2214 1921 2272 exeuntes

409 2336 456 2403 de
495 2334 621 2406 eodem
659 2339 855 2428 mesuagio,
898 2358 980 2408 cum
1019 2339 1221 2408 reuersione
1265 2340 1379 2428 ipsius
1417 2336 1593 2425 mesuagii
1631 2356 1713 2405 cum
1752 2334 1921 2403 acciderit

407 2472 577 2559 predictis
599 2473 757 2559 Jobanni
782 2484 819 2543 et
842 2473 1001 2545 Ricardo
1027 2475 1242 2563 Capellanis,
1269 2487 1306 2545 et
1334 2451 1595 2545 successoribus
1620 2474 1696 2543 suls
1724 2472 1921 2561 capellanis

407 2608 448 2677 in
476 2610 574 2679 dicta
612 2611 763 2681 ecdesia
807 2611 933 2681 Sancti
964 2613 1140 2699 Johannis
1180 2616 1228 2680 ad
1267 2615 1465 2700 predictum
1505 2612 1618 2679 altare
1656 2612 1763 2679 beate
1805 2609 1922 2677 Matie

407 2746 561 2835 singulis
600 2749 726 2819 diebus
769 2748 894 2818 diuina
933 2751 1173 2832 celebraturis,
1213 2751 1260 2818 de
1299 2752 1513 2837 capitalibus
1551 2748 1707 2819 dominis
1737 2748 1920 2817 feodomm

406 2882 548 2951 illorum
590 2904 657 2971 per
692 2885 847 2953 sentiris
887 2886 972 2954 inde
1011 2886 1133 2955 debita
1161 2897 1198 2955 et
1241 2888 1288 2955 de
1323 2888 1403 2974 jure
1440 2897 1610 2955 consueta
1648 2886 1919 2973 imperpetuum,

406 3016 569 3087 nesam
597 3020 711 3089 eciam
742 3022 973 3105 atterendo,
1004 3023 1236 3091 sustentando
1265 3024 1419 3111 singulis
1448 3022 1553 3091 annis
1588 3022 1847 3109 imperpetuum
1879 3023 1918 3088 in

406 3156 531 3223 mem
559 3156 709 3225 eeclesia
737 3166 840 3225 sexto
869 3158 928 3225 die
956 3155 1046 3225 Maii
1075 3158 1356 3227 anniuersarium
1385 3177 1505 3225 meum
1533 3165 1571 3223 et
1605 3155 1761 3223 isabella
1795 3156 1916 3223 vxoris

405 3310 485 3360 mee
506 3312 587 3359 cum
610 3294 656 3361 de
680 3294 749 3361 hac
773 3294 853 3363 luce
877 3294 1158 3382 migrauerimue
1204 3293 1285 3381 Quo
1312 3294 1372 3362 die
1396 3294 1537 3362 soluent
1558 3292 1710 3380 predicti
1733 3292 1917 3378 Jobuones

406 3440 443 3498 et
485 3429 665 3497 Ricardus
705 3439 742 3497 et
784 3450 1006 3499 successores
1049 3432 1105 3499 sui
1148 3429 1335 3517 Capeliani
1378 3431 1478 3498 omni
1520 3449 1616 3497 anno
1658 3428 1917 3517 inperpetuum

404 3589 555 3655 persone
583 3570 678 3640 dicte
705 3572 853 3639 ecclesie
881 3571 1067 3639 duodecim
1096 3568 1261 3637 denarios
1289 3569 1321 3635 si
1348 3588 1495 3656 presens
1522 3566 1637 3650 luerit,
1662 3577 1700 3635 et
1727 3569 1915 3637 duodecim

405 3706 600 3791 capellanis
636 3707 773 3775 vocatis
809 3726 874 3795 per
912 3726 1100 3795 personam
1139 3706 1233 3774 dicte
1269 3705 1418 3773 ecclesie
1455 3704 1486 3772 si
1514 3724 1662 3791 presens
1701 3704 1817 3786 fuerit,
1855 3706 1916 3775 vel

403 3858 468 3928 per
496 3842 670 3911 Custodes
697 3843 793 3913 dicte
821 3844 969 3913 ecclesie
999 3844 1031 3911 si
1059 3863 1214 3931 persona
1250 3844 1381 3911 absens
1407 3841 1524 3925 fuerit,
1552 3842 1672 3911 missis
1700 3842 1746 3909 de
1773 3842 1916 3929 Requie

402 3990 440 4047 et
460 3980 621 4067 exequiis
647 3980 890 4069 solempnibus
920 4002 1001 4049 cum
1030 3990 1222 4069 neupmate
1246 3980 1333 4047 dicti
1356 3979 1590 4047 anniuemarii
1611 3978 1914 4063 lassessentibus,

401 4118 547 4185 cuilibet
579 4138 700 4185 eorum
729 4128 880 4207 quatuor
908 4120 1083 4200 denarios,
1114 4118 1241 4185 clerico
1270 4117 1365 4183 dicte
1392 4116 1542 4184 ecclesie
1569 4114 1632 4205 qui
1660 4136 1726 4203 pro
1755 4127 1913 4204 tempore

400 4250 505 4321 buerit
545 4274 611 4342 pro
653 4256 779 4323 classis
817 4258 1004 4343 pulsandis
1047 4257 1085 4323 in
1125 4255 1221 4323 dicto
1262 4252 1505 4320 anniuersario
1543 4270 1610 4319 sex
1647 4252 1831 4319 denarios:
1875 4261 1914 4320 et

401 4384 631 4454 Bedemanno
661 4387 795 4455 dictum
824 4386 1104 4455 anniuersarium
1139 4386 1177 4453 in
1213 4387 1302 4453 villa
1337 4384 1574 4472 proclamanti
1606 4385 1697 4451 duos
1735 4385 1911 4465 denarios,

400 4542 538 4591 necnon
568 4522 783 4593 Custodibus
812 4523 960 4594 ecclesie
987 4526 1050 4611 qui
1077 4545 1143 4614 pro
1174 4534 1334 4610 ternpore
1362 4519 1493 4589 fuerim
1521 4520 1678 4609 quinque
1704 4521 1838 4588 solidos
1862 4522 1911 4591 ad

400 4658 651 4731 insaniendum
677 4660 832 4746 missale,
858 4663 1016 4745 calicem,
1041 4680 1171 4749 panem
1196 4670 1234 4727 et
1253 4660 1376 4728 vinum
1400 4667 1438 4725 et
1462 4656 1585 4725 omnia
1604 4658 1677 4726 alia
1701 4668 1910 4727 ornamenta

400 4795 600 4863 necessarie
627 4794 733 4863 dictis
761 4794 965 4885 capellanis
992 4817 1058 4885 pro
1086 4797 1205 4865 missis
1230 4794 1472 4865 celebrandisr
1503 4805 1542 4865 et
1563 4792 1719 4887 cer[e]os
1743 4796 1909 4865 ardentes

400 4932 565 4999 decenter
604 4941 710 5019 prout
747 4932 916 5021 competit
953 4934 992 5001 in
1032 4935 1127 5001 diem
1164 4934 1252 5001 dicti
1292 4931 1528 5001 anniuemmii
1567 4933 1640 5001 mei
1674 4934 1774 5001 omni
1813 4954 1908 5003 anno

227 5084 317 5141 asra
399 5086 539 5136 exnunc
567 5068 834 5157 imperpetuum.
879 5068 959 5156 Quo
987 5071 1045 5139 die
1073 5071 1307 5141 anniuersarii
1334 5069 1407 5139 mei
1435 5070 1651 5140 distribuent
1678 5074 1777 5140 omni
1811 5094 1907 5141 anno
