4975 6309
735 747 833 840 obe
857 747 996 839 nitu
1020 748 1118 839 neo
1143 750 1273 841 soon
1298 751 1349 842 or
1374 752 1563 847 snos
1828 787 1895 862 157

390 962 579 1029 terminum
601 962 674 1031 vite
695 972 815 1030 nostre
837 962 1075 1049 assignantur,
1097 962 1263 1031 videlicet
1286 966 1383 1053 quod
1407 985 1474 1034 nos
1495 968 1691 1039 habeamus
1716 973 1763 1039 ad
1784 980 1898 1041 totam

391 1099 502 1166 vitam
531 1108 689 1167 nostram
718 1100 840 1166 omnia
866 1098 968 1181 fines,
996 1100 1262 1187 redempciones
1289 1110 1327 1168 et
1355 1104 1629 1175 amerciamenta
1652 1108 1835 1177 hominum
1860 1120 1897 1177 et

393 1236 595 1303 tenentium
616 1236 655 1302 in
676 1245 712 1303 et
733 1237 780 1303 de
802 1236 939 1318 omnis,
961 1236 1138 1317 dominiis,
1160 1239 1339 1321 maneriis,
1360 1238 1467 1321 villis,
1488 1242 1592 1311 terris
1619 1253 1657 1310 et
1684 1247 1897 1315 tenementis

389 1392 432 1439 ac
474 1372 513 1439 in
556 1373 708 1459 singulis
750 1372 839 1441 locis
882 1374 1051 1459 predictis
1094 1374 1198 1442 nobis
1239 1395 1306 1461 per
1348 1376 1523 1464 prefatum
1566 1382 1895 1451 metuendiseimum

299 1556 307 1571 .
389 1510 571 1577 dominum
608 1528 726 1577 meum
763 1510 905 1597 Regem
944 1494 985 1577 ut
1023 1510 1220 1597 predictum
1255 1522 1312 1579 est
1347 1514 1561 1601 assignatisr
1604 1536 1744 1584 necnon
1778 1519 1897 1589 exitus

391 1648 589 1715 forisfactos
624 1657 663 1715 et
699 1649 821 1715 omnia
857 1669 927 1734 que
956 1650 1003 1714 ad
1042 1648 1159 1734 ipsum
1197 1650 1524 1719 metuendissimum
1560 1654 1741 1722 dominum
1777 1674 1895 1723 meum

388 1784 530 1872 Regem
570 1795 607 1852 et
643 1786 790 1853 heredes
831 1805 914 1852 suos
951 1786 1127 1872 pertinere
1165 1795 1332 1871 poterunt
1368 1788 1414 1855 de
1452 1808 1558 1871 anno,
1598 1790 1658 1857 die
1699 1800 1738 1857 et
1779 1802 1894 1873 vasto,

388 1924 618 1991 forisfacturis
646 1933 684 1990 et
712 1924 864 1991 murdris
892 1924 932 1990 in
959 1923 1237 2009 quibuscumque
1266 1922 1374 1991 curiis
1398 1925 1473 1992 suis
1493 1935 1531 1993 et
1550 1925 1720 1994 heredum
1741 1946 1895 2011 suorum,

389 2064 552 2131 homines
580 2072 617 2129 et
648 2072 810 2131 tenentes
839 2063 922 2129 illos
949 2072 1024 2129 tam
1053 2080 1172 2129 coram
1201 2062 1281 2147 ipso
1310 2062 1600 2131 metuendissimo
1636 2066 1782 2133 domino
1815 2085 1896 2134 meo

390 2200 496 2287 Rege
524 2210 562 2267 et
588 2200 778 2267 heredibus
806 2200 881 2267 suis
909 2200 947 2264 in
977 2198 1199 2266 Cancellaria
1232 2218 1298 2265 sua
1333 2209 1370 2266 et
1404 2201 1573 2268 heredum
1609 2221 1752 2269 suorum
1788 2221 1896 2289 quam

387 2357 509 2405 coram
533 2337 767 2404 Thesaurario
795 2344 833 2404 et
861 2338 1061 2404 Beronibus
1090 2338 1165 2405 suis
1193 2338 1427 2418 etheredum
1455 2334 1597 2406 suorum
1626 2343 1672 2407 de
1696 2339 1896 2424 Scaccario,

388 2494 528 2541 necnon
565 2493 684 2540 coram
727 2472 939 2556 Justiciariis
978 2474 1053 2540 suis
1092 2482 1129 2539 et
1167 2474 1337 2541 heredum
1376 2494 1519 2542 suorum
1557 2476 1807 2544 itinerantibus
1847 2478 1894 2545 ad

388 2611 590 2677 communia
624 2609 758 2697 placita
793 2619 830 2676 et
865 2610 912 2677 ad
947 2610 1081 2695 placite
1115 2608 1256 2691 foreste,
1292 2618 1329 2676 et
1364 2610 1477 2679 eciam
1519 2630 1639 2679 coram
1680 2612 1894 2697 Justicieriis

393 2748 467 2816 suis
496 2749 728 2815 etheredum
757 2765 899 2813 suorum
929 2746 973 2813 de
1002 2746 1125 2813 Banoo
1152 2756 1189 2813 et
1217 2747 1331 2813 eciam
1368 2746 1574 2815 Senescallo
1609 2758 1646 2815 et
1683 2748 1896 2819 Marescallo

389 2906 432 2953 ac
461 2884 676 2953 Coronatore
703 2885 855 2971 hospicii
883 2883 940 2951 sui
968 2894 1005 2950 et
1033 2884 1201 2950 heredum
1230 2904 1373 2951 suorum
1401 2894 1438 2951 et
1469 2884 1606 2952 Clerico
1644 2885 1690 2953 de
1725 2884 1897 2967 Mercato,

388 3042 430 3089 ec
459 3042 577 3089 coram
607 3022 687 3089 aliis
714 3020 927 3104 Justiciariis
955 3029 992 3087 et
1020 3020 1192 3089 ministris
1220 3020 1295 3087 suis
1323 3029 1360 3086 et
1388 3021 1557 3088 heredum
1582 3039 1725 3089 suorum
1749 3022 1896 3108 quibus·

388 3180 566 3245 cumque·
587 3156 677 3225 fines
710 3178 774 3225 seu
811 3156 1076 3243 redempciones
1114 3157 1229 3224 facere
1268 3157 1326 3223 vel
1364 3155 1550 3225 amerciari
1592 3167 1655 3225 sut
1694 3158 1897 3227 huiusmodi

390 3298 516 3379 exitus,
546 3297 700 3377 murdre,
728 3294 978 3375 forisfacturas,
1015 3312 1158 3375 annum,
1196 3294 1292 3361 diem
1328 3303 1367 3361 et
1401 3304 1542 3362 vastum
1579 3296 1775 3363 adiudicari
1809 3314 1895 3365 oon-

388 3442 510 3527 tigerit
537 3441 628 3506 adeo
656 3438 761 3524 plene
790 3447 827 3505 et
856 3437 994 3522 integre
1022 3436 1114 3504 sicut
1145 3435 1224 3521 ipse
1260 3436 1570 3505 metuendissimus
1598 3436 1764 3503 dominus
1793 3456 1893 3507 meus

384 3577 467 3643 Rex
495 3598 540 3643 ea
573 3576 721 3641 heberet
756 3574 788 3641 si
830 3572 989 3659 predicta
1032 3582 1159 3651 castra,
1203 3571 1372 3654 dominia,
1408 3572 1577 3652 maneria,
1614 3572 1729 3653 villas,
1767 3584 1891 3655 terras,

386 3724 591 3783 tenemento
622 3723 659 3780 et
690 3712 770 3779 loca
806 3710 965 3796 predicta
1001 3710 1039 3775 in
1074 3728 1184 3797 manu
1220 3729 1287 3775 sua
1322 3710 1536 3777 retinuisset
1602 3710 1661 3776 Ita
1695 3712 1791 3795 quod
1826 3730 1894 3778 nos

383 3870 448 3937 per
476 3870 603 3917 manus
635 3846 846 3916 ballivorum
881 3856 919 3913 et
961 3845 1202 3913 ministrorum
1239 3855 1439 3913 nostrorum
1480 3844 1582 3927 fines,
1617 3847 1895 3933 redemptiones,

386 3988 606 4055 reversiones
645 3994 701 4079 et·
726 3983 1000 4051 amerciamenta
1037 3981 1220 4049 hominum
1256 3994 1294 4047 et
1329 3982 1530 4048 tenencium
1565 3982 1813 4068 predictorum,
1850 4002 1894 4051 ac

390 4125 506 4191 exitus
546 4120 743 4189 forisfactos
780 4132 817 4187 et
855 4120 975 4186 omnia
1014 4138 1083 4206 que
1119 4118 1165 4184 ed
1202 4118 1319 4205 ipsum
1351 4119 1678 4186 metuendissimum
1709 4120 1892 4187 dominum

387 4282 504 4329 meum
534 4260 675 4345 Regem
704 4268 741 4325 et
768 4258 916 4323 heredes
941 4276 1025 4323 suos
1049 4254 1224 4341 pertinere
1248 4264 1416 4343 poterunt
1438 4257 1483 4323 de
1507 4275 1612 4339 anno,
1636 4256 1696 4323 die
1718 4265 1756 4323 et
1777 4268 1891 4339 vasto,

387 4398 615 4466 forisfacturis
655 4408 691 4461 et
733 4395 885 4462 murdris
924 4394 969 4459 de
1009 4402 1046 4459 et
1085 4394 1124 4457 in
1163 4392 1300 4472 castris,
1340 4392 1518 4474 dominiis,
1562 4393 1741 4474 maneriis,
1785 4393 1891 4476 viliis,

384 4536 489 4604 terris
516 4542 555 4602 et
583 4532 794 4600 tenementis
829 4551 872 4599 ac
908 4531 1073 4597 omnibus
1109 4540 1145 4597 et
1182 4530 1335 4617 singuiis
1370 4530 1459 4597 locis
1495 4531 1664 4617 predictis
1699 4541 1737 4599 et
1771 4551 1892 4600 eonem

386 4672 500 4740 feodis
527 4692 597 4757 que
625 4690 744 4737 coram
772 4668 984 4753 Justiciariis
1013 4666 1261 4735 itinerantibus
1289 4666 1336 4733 ad
1370 4667 1572 4733 communia
1606 4667 1740 4753 placita
1775 4678 1812 4736 et
1848 4670 1895 4735 ad

388 4808 521 4895 placita
548 4806 677 4873 foreste
713 4826 756 4872 ac
793 4824 912 4871 coram
949 4802 1054 4871 dictis
1092 4802 1298 4869 Senescallo
1337 4811 1375 4869 et
1413 4801 1637 4884 Maracallo,
1679 4804 1896 4874 coronatore

382 4964 446 5013 sen
487 4944 623 5011 Clerico
662 4944 708 5009 de
744 4942 904 5009 Mercato
943 4940 1021 5007 fieri
1057 4949 1094 5007 et
1138 4939 1334 5007 adiudicari
1378 4940 1568 5027 contigerit
1609 4962 1673 5027 per
1715 4952 1895 5011 extractas

382 5082 573 5147 eorundem
600 5078 880 5163 Justiciariomm
916 5076 1161 5145 itinerantium
1197 5076 1235 5143 in
1272 5075 1457 5143 itineribus
1492 5076 1577 5158 suis,
1614 5087 1651 5144 et
1680 5075 1889 5162 &neceam
