4975 6309
780 774 877 867 Ebc
899 772 1038 865 little
1062 772 1161 862 neo
1185 772 1314 862 iioolt
1339 770 1389 862 oi
1419 768 1607 863 astarot.
1870 795 1941 870 215

437 993 682 1077 vndecumque
709 989 863 1075 recipere
891 986 1076 1073 contingat
1104 994 1225 1053 curato
1255 984 1413 1071 ejusdem
1449 981 1595 1069 Capella
1630 984 1747 1051 soluat
1784 985 1945 1070 plenarie

417 1129 518 1219 'sine
545 1146 655 1194 mora.
699 1123 840 1192 Prefate
867 1123 978 1211 igitur
1012 1122 1233 1190 ordinacioni
1261 1129 1382 1187 nostre
1417 1118 1605 1187 statuendo
1640 1118 1812 1187 adicimus
1847 1123 1943 1207 quod

441 1262 655 1349 capellanus
683 1262 913 1348 quiscumque
942 1259 980 1325 in
1009 1258 1105 1325 dicta
1133 1257 1304 1325 Cantaria
1332 1255 1570 1325 instituendus
1604 1275 1669 1323 seu
1703 1256 1943 1325 admittendus

440 1400 487 1465 ad
512 1398 661 1465 eandem
686 1398 924 1483 juramentum
953 1414 1060 1480 super
1086 1392 1269 1479 premissis
1288 1411 1353 1479 per
1373 1392 1490 1478 ipsum
1516 1393 1747 1461 obseruandis
1776 1394 1943 1479 quatinus

441 1534 557 1619 ipsum
586 1532 767 1620 contigere
795 1532 1024 1598 dinoscuntur
1052 1530 1090 1597 in
1125 1528 1352 1597 institucione
1386 1537 1425 1595 et
1460 1527 1676 1596 admissione
1710 1548 1776 1595 sua
1810 1539 1944 1615 prestet

441 1671 632 1756 corporale.
690 1668 739 1735 Et
781 1686 827 1735 ne
869 1665 1071 1753 hujusmodi
1109 1664 1329 1732 ordinacioni
1370 1662 1448 1753 (πὶ)
1494 1674 1615 1733 nostre
1658 1664 1866 1751 ignorancia
1906 1676 1945 1733 et

441 1804 635 1891 capellanis
663 1802 757 1870 dicte
785 1802 943 1869 centurie
970 1801 1131 1888 pretendi
1159 1803 1279 1868 valeat
1315 1802 1353 1867 in
1382 1799 1537 1869 firturum
1565 1801 1678 1888 ipsius
1706 1802 1943 1871 ordinacionis

439 1960 560 2008 veram
588 1939 728 2026 copiam
756 1938 795 2005 in
820 1938 961 2006 Missali
989 1957 1053 2025 pro
1082 1938 1178 2006 dicte
1214 1936 1383 2007 Centurio
1418 1938 1603 2025 assignato
1638 1938 1747 2006 inseri
1780 1940 1943 2008 volumus

438 2086 478 2144 et
504 2076 648 2145 inscribi
677 2095 720 2142 ac
747 2094 811 2161 per
839 2074 982 2143 eosdem
1011 2073 1215 2160 capellanos
1242 2074 1371 2159 inspici
1405 2084 1443 2139 et
1470 2072 1611 2141 recitari
1645 2072 1854 2161 frequenter.
1897 2073 1944 2141 In

314 2272 323 2287 ,
438 2230 586 2297 quorum
629 2210 787 2277 omnium
830 2220 868 2277 et
903 2208 1123 2296 singulorum
1161 2210 1402 2277 testimouium
1437 2219 1637 2297 presentem
1680 2210 1943 2277 ordinacionem

438 2359 596 2416 nostram
638 2348 882 2435 dupplicatum
926 2368 1075 2434 quarum
1119 2356 1259 2433 partem
1303 2366 1409 2414 unam
1444 2346 1483 2413 in
1518 2346 1752 2415 Tiresaurario
1795 2347 1943 2415 ecclesie

438 2496 558 2554 nostre
586 2484 788 2565 Wellensis,
824 2494 862 2553 et
897 2485 1004 2553 aliam
1043 2492 1181 2571 partem
1218 2503 1329 2570 penes
1368 2464 1542 2569 Maiorem
1580 2492 1617 2551 et
1655 2484 1942 2552 communitatem

438 2622 532 2689 dicte
560 2623 645 2689 ville
672 2622 841 2689 Bristolle
867 2622 1029 2689 volumus
1057 2639 1237 2687 remanere
1266 2619 1377 2707 sigilli
1404 2620 1517 2688 nostri
1552 2620 1769 2707 appensione
1796 2620 1943 2689 lecimus

439 2759 657 2826 communiri.
702 2756 836 2825 Datum
858 2757 954 2845 apud
975 2758 1166 2838 Bauewell,
1188 2754 1304 2823 Nonis
1324 2754 1462 2837 Marcii,
1484 2774 1579 2823 anno
1598 2756 1734 2823 domini
1754 2756 1943 2825 millesimo

440 2894 566 2963 CCC¹¹¹⁰
595 2894 773 2962 tricesimo
801 2895 921 2976 tercio,
951 2902 988 2961 et
1015 2903 1136 2961 nostre
1164 2890 1444 2960 consecracionis
1472 2892 1607 2977 quinto.

350 3190 357 3207 .
444 3120 778 3198 COMPOSICIO
839 3117 1270 3197 CANTARIARUM
1318 3117 1570 3196 RICARDI
1621 3119 1822 3197 SPICER
1878 3120 1952 3198 IN

746 3267 1028 3347 ECCLESIA
1082 3268 1294 3347 SANCTI
1334 3267 1643 3347 ΝΙΕΗΟΖΑΙ.ι

567 3432 756 3503 Uniuersis
799 3433 931 3503 Christi
969 3432 1132 3501 fidelibus
1169 3443 1368 3520 presentem
1406 3443 1539 3501 cartam
1579 3434 1794 3521 tripartitam
1830 3446 1868 3503 et
1902 3438 1940 3505 in
1966 3455 2109 3508 cunum
2129 3470 2168 3509 or

436 3572 562 3640 miuus
589 3572 636 3639 ne
662 3572 700 3638 ια
728 3568 928 3638 suanam
956 3589 1074 3638 eoram
1109 3571 1272 3638 wuero
1305 3569 1439 3658 persy,
1469 3570 1607 3657 Maure
1633 3572 1719 3639 vius
1746 3572 1938 3655 entonis,
1997 3521 2140 3639 ῗιῗὲἓῗ

388 3676 393 3685 “
436 3708 657 3775 moturum
697 3700 908 3792 inspecturis
944 3706 1002 3773 vu
1039 3704 1221 3786 anunm,
1259 3704 1436 3771 uranus
1471 3702 1596 3791 sproer
1630 3706 1820 3793 burgensis
1855 3708 1940 3777 vua

437 3842 617 3912 Bristollie
646 3842 796 3910 salutem
826 3842 864 3907 in
887 3842 1053 3908 Domino.
1098 3840 1229 3909 Sciatis
1264 3842 1361 3927 quod
1395 3842 1440 3907 de
1471 3842 1622 3910 licencia
1656 3844 1792 3911 domini
1827 3846 1939 3914 nostri

436 3978 571 4047 domini
614 3977 781 4046 Edwardi
816 3976 933 4065 Regis
967 3976 1103 4065 Anglie
1138 3979 1237 4045 tercii
1272 3988 1355 4065 post
1390 3989 1620 4066 conquestum
1656 3980 1768 4067 ipsius
1804 3982 1940 4051 domini

436 4116 563 4203 Regis,
591 4116 678 4182 data
705 4114 800 4200 apud
827 4114 1183 4181 westmonasterium
1212 4114 1450 4183 sextodecimo
1478 4115 1537 4183 die
1565 4116 1665 4198 Maii,
1702 4137 1798 4185 anno
1837 4120 1940 4207 regni

436 4252 492 4320 sui
519 4252 655 4341 Anglie
683 4252 954 4339 quadragesimo
979 4262 1115 4337 quarto,
1138 4250 1240 4337 regni
1260 4270 1344 4318 vero
1366 4252 1422 4319 sui
1443 4252 1593 4320 Francie
1614 4254 1791 4323 tricesimo
1811 4258 1938 4343 primo,

436 4390 529 4470 dedi,
569 4390 728 4457 concessi
762 4398 800 4455 et
832 4390 902 4456 hac
937 4388 1094 4475 presenti
1129 4398 1228 4455 carta
1265 4409 1347 4455 mea
1385 4389 1591 4458 confirmaui
1634 4394 1779 4462 domino
1817 4394 1937 4464 David

435 4511 655 4607 Newmtm,'
694 4526 889 4613 capellano,
934 4534 971 4591 et
1013 4524 1091 4610 ejus
1133 4524 1394 4594 successoribus
1435 4528 1641 4613 capellanis,
1685 4536 1798 4596 totam
1837 4531 1937 4599 illam

435 4660 584 4747 shopam
627 4679 743 4728 meam
786 4680 866 4727 cum
903 4659 1032 4727 solario
1068 4657 1336 4745 superedificato
1370 4668 1408 4728 et
1443 4661 1518 4729 suis
1552 4664 1791 4749 pertinenciis,
1828 4687 1936 4752 quam

434 4795 601 4883 Rogems
628 4798 830 4885 Brademay
863 4816 957 4866 nunc
991 4805 1089 4865 tenet
1125 4794 1293 4863 situatam
1329 4795 1368 4862 in
1402 4798 1572 4865 suburbio
1610 4800 1792 4869 Bristollie
1831 4822 1938 4889 super

433 4932 581 4999 beocruu
608 4932 772 5015 Abbone,
802 4954 871 5019 que
899 4934 1057 5002 continet
1084 4934 1286 5022 quindecim
1314 4933 1424 5020 pedes
1452 4943 1490 5002 et
1517 4935 1702 5004 dimidium
1739 4938 1779 5005 in
1814 4940 1937 5006 latitu-

433 5068 517 5137 dine
545 5077 581 5136 et
609 5068 648 5135 in
675 5069 898 5157 longitudine
926 5070 1055 5158 viginti
1083 5092 1147 5139 sex
1174 5072 1284 5158 pedes
1312 5082 1349 5139 et
1376 5072 1573 5141 dimidium.
1628 5075 1724 5143 Dedi
1751 5078 1865 5144 eciam
1897 5087 1935 5144 et

1064 5241 1306 5311 ²mem
