4975 6309
733 765 831 856 ube
854 767 992 855 itttte
1016 767 1113 857 lico
1138 767 1267 857 boot
1292 766 1343 854 ot
1373 766 1559 855 aristot
1827 789 1894 861 127

696 999 744 1046 on
784 981 845 1046 the
882 979 1030 1048 Sheriffs
1064 990 1103 1047 to
1139 1001 1198 1048 see
1232 981 1313 1047 that
1358 979 1422 1044 she
1464 978 1531 1044 has
1575 977 1646 1044 and
1688 977 1813 1064 enioys
1848 977 1898 1044 all

696 1114 888 1202 privileges
925 1117 1058 1205 hereby
1092 1116 1271 1184 recorded.
1330 1113 1450 1182 Dated
1486 1123 1524 1180 at
1558 1113 1818 1194 westminster,
1856 1133 1895 1180 22

697 1249 904 1332 December,
934 1257 955 1318 8
986 1251 1067 1320 Ric.
1096 1251 1145 1320 Il.
1176 1248 1307 1342 [¹384]-

224 1510 314 1575 tssn
395 1474 654 1572 Appnbtment
685 1477 921 1573 byRuhard
941 1477 995 1552 II.
1025 1478 1073 1573 (ff
1094 1477 1377 1552 commatrem
1405 1473 1446 1550 ai
1476 1475 1620 1550 Brc'stol
1648 1483 1682 1548 to
1705 1501 1811 1570 carry
1836 1481 1899 1548 out

445 1629 590 1700 cannes
618 1627 772 1702 Statum
803 1630 883 1703 and
911 1639 945 1704 to
971 1628 1134 1728 fflrsm
1166 1629 1222 1703 the
1254 1629 1368 1702 duab
1398 1627 1445 1726 os
1474 1625 1625 1720 Justias
1657 1625 1704 1723 os
1734 1625 1850 1713 Peuce.

201 1826 340 1876 smmi
525 1800 715 1882 Ricardus,
758 1801 828 1870 Dei
871 1803 1004 1889 gracia,
1047 1803 1132 1870 Rex
1174 1801 1309 1888 Anglie
1351 1807 1387 1866 et
1431 1797 1591 1878 Francis,
1634 1805 1672 1864 et
1722 1795 1897 1864 Dominus

227 1901 308 1940 nun

190 1955 349 2014 wantos„
397 1933 581 2018 Hibernis,
610 1937 750 2004 dilectis
770 1948 807 2004 et
827 1937 992 2006 fidelibus
1011 1940 1088 2006 suis
1108 1939 1269 2006 Roberto
1290 1937 1489 2020 Beelknap,
1513 1935 1673 2004 Roberto
1695 1933 1896 2014 Cbmleton,

170 2019 363 2148 Niiiiff
394 2070 578 2138 wnemo
621 2073 822 2160 canyngs,
855 2075 986 2142 Maiori
1020 2075 1105 2142 vnn
1145 2073 1336 2154 essem,
1381 2073 1542 2140 wetere
1585 2069 1718 2156 osny,
1762 2069 1898 2136 Thoms

181 2148 359 2328 Ψ·
395 2209 599 2296 Beaupeoy,
639 2207 801 2278 Walters
839 2211 988 2279 Didstill
1029 2220 1067 2279 et
1107 2209 1263 2295 Iohanni
1308 2208 1495 2278 Serieaunt
1539 2207 1699 2274 salutem.
1766 2203 1897 2274 Sciatis

393 2346 489 2428 q¹¹0d
531 2346 793 2432 assignavimus
834 2369 899 2416 vos
950 2352 1164 2439 coniunctim
1206 2360 1243 2419 et
1287 2349 1429 2422 divisim
1472 2349 1519 2414 ad
1564 2367 1688 2433 paoem
1738 2353 1896 2412 nostram

394 2500 532 2548 necnon
560 2483 607 2549 ad
635 2491 770 2550 statuta
798 2488 893 2570 apud
921 2487 1105 2574 Wynton„
1134 2481 1429 2577 Nortb[ampton]
1451 2491 1488 2550 et
1509 2475 1898 2571 westmonasterium]

394 2635 459 2700 pro
498 2619 770 2686 conservacione
805 2621 906 2706 paen
941 2623 1099 2690 simum
1141 2623 1239 2690 eus
1280 2621 1319 2688 in
1358 2619 1523 2687 omanus
1563 2589 1607 2684 αι’
1636 2615 1787 2703 anginis
1825 2615 1899 2682 sus

394 2753 554 2821 artinssis
588 2754 628 2819 in
663 2757 833 2824 comitatu
860 2758 1017 2827 Bristoll
1048 2761 1278 2828 custodienda
1305 2767 1341 2825 et
1371 2756 1540 2824 custodiri
1575 2753 1746 2835 facienda,
1783 2765 1821 2822 et
1851 2755 1898 2820 ad

397 2909 521 2956 omnes
549 2891 631 2958 illos
660 2911 749 2977 quos
785 2901 908 2960 contra
942 2893 1091 2961 formam
1126 2901 1337 2960 statutorum
1374 2891 1609 2976 predictorum
1653 2889 1898 2974 delinquentes

397 3024 603 3092 inveneritis
629 3028 857 3113 castigandos
888 3040 925 3097 et
952 3031 1149 3115 puniendos
1176 3037 1281 3115 prout
1302 3028 1495 3095 secundum
1516 3027 1666 3094 formem
1687 3015 1897 3095 'statutorum

395 3162 586 3228 eorundem
621 3162 727 3231 fuerit
757 3163 968 3248 fodendum,
997 3176 1034 3234 et
1061 3167 1110 3234 ad
1137 3187 1262 3234 omnes
1290 3167 1371 3234 illos
1394 3166 1456 3252 qui
1485 3163 1663 3250 aliquibus
1676 3165 1737 3231 'de
1765 3164 1898 3252 populo

395 3311 518 3366 nostro
557 3301 604 3368 de
640 3303 845 3388 corporibus
882 3303 957 3370 suis
999 3305 1058 3370 vel
1095 3305 1141 3371 ‹ie
1179 3301 1343 3370 incendio
1382 3301 1565 3367 domorum
1601 3319 1744 3367 suerum
1783 3298 1899 3367 mines

398 3435 546 3504 iecerint
573 3438 621 3504 ad
649 3437 877 3506 sufficientem
903 3439 1125 3507 securitatem
1160 3439 1206 3506 de
1241 3457 1331 3524 pace
1366 3445 1403 3504 et
1438 3438 1534 3504 bono
1570 3448 1675 3524 gestu
1711 3456 1776 3504 suo
1811 3455 1898 3523 erga

394 3591 461 3640 nos
488 3584 525 3640 et
553 3576 722 3661 populum
752 3587 910 3643 nostrum
940 3577 1187 3644 inveniendum
1216 3593 1334 3641 coram
1362 3572 1465 3641 vobis
1493 3573 1635 3649 veuire;
1666 3573 1755 3640 etsi
1776 3573 1897 3640 huius·

396 3711 494 3776 modi
533 3711 755 3778 securitatem
798 3713 956 3779 invenire
993 3711 1231 3778 recusaverint
1273 3720 1358 3777 tunc
1397 3729 1460 3776 eos
1498 3709 1537 3776 in
1574 3710 1728 3796 prisonis
1766 3709 1896 3776 nostris

398 3865 581 3931 quousque
622 3845 824 3914 huiusmodi
863 3846 1084 3914 securitatem
1120 3839 1332 3927 invenerint'
1360 3845 1459 3912 salvo
1488 3844 1657 3912 custodiri
1686 3843 1896 3912 faciendum.

398 3981 674 4069 Assignavimus
702 3985 814 4050 eciam
843 4005 910 4052 vos
938 4004 1013 4064 sex,
1043 3984 1208 4069 quinque,
1236 3992 1397 4068 quatuor,
1426 3990 1499 4048 tres
1534 3990 1572 4050 et
1606 3983 1695 4048 duos
1729 3991 1896 4064 veebum,

396 4137 545 4202 quorum
589 4120 743 4203 aliquem
786 4129 942 4187 vestrum
988 4140 1054 4187 vos
1098 4119 1226 4206 prefati
1262 4119 1451 4199 Robertus,
1489 4118 1669 4186 Robertus
1706 4117 1821 4186 maior
1860 4128 1899 4187 et

396 4255 579 4338 Jobannes
605 4277 715 4323 unum
744 4275 822 4323 esse
846 4258 1010 4324 volumus
1036 4256 1256 4341 Justiciarios
1292 4267 1441 4336 nostros,
1479 4256 1526 4321 ad
1558 4255 1804 4341 inquirendum
1833 4276 1898 4341 per

394 4401 654 4459 sacramentum
682 4395 871 4478 proborum
899 4403 936 4459 et
963 4387 1132 4480 legalium
1160 4393 1342 4459 hominum
1371 4392 1416 4459 de
1440 4392 1609 4459 comitatu
1644 4391 1803 4476 predicto
1830 4411 1896 4479 per

396 4547 486 4613 quos
507 4529 559 4594 rei
578 4529 711 4597 veritas
731 4530 858 4596 melius
879 4531 962 4596 sciri
980 4531 1110 4617 poterit
1130 4532 1176 4597 de
1196 4529 1409 4598 omnimodis
1430 4527 1580 4610 teloniis,
1606 4527 1897 4616 transgressioni·

395 4667 474 4747 bus,
509 4665 744 4748 forstalleriis,
780 4666 984 4755 regratariis
1012 4677 1048 4734 et
1082 4666 1344 4734 extortionibus
1376 4665 1414 4731 in
1444 4665 1613 4733 comitatu
1642 4663 1801 4752 predicto
1832 4683 1896 4751 per

395 4822 634 4889 quoscumque
647 4813 685 4870 et
698 4803 1000 4890 qualitercumque
1013 4803 1117 4872 tactis
1130 4803 1205 4872 sive
1225 4803 1448 4890 perpetratis,
1463 4811 1582 4887 etque
1603 4821 1743 4868 mune
1764 4799 1895 4868 ibidem

395 4937 471 5004 lieri
499 4940 703 5026 contingen
732 4949 770 5005 et
797 4940 909 5006 eciam
938 4942 983 5007 de
1018 4941 1182 5008 omnibus
1217 4940 1290 5008 illis
1326 4941 1387 5026 qui
1422 4939 1461 5004 in
1490 4937 1745 5005 conventiculis
1772 4946 1896 5005 contra

394 5096 519 5162 paoem
548 5065 705 5142 nostram
734 5086 771 5142 et
799 5076 837 5142 in
865 5080 1168 5162 perturbacionem
1189 5077 1312 5164 populi
1341 5075 1454 5144 nostri
1483 5094 1546 5142 seu
1565 5075 1602 5142 vi
1625 5083 1762 5142 armate
1790 5073 1894 5141 ierint
