4975 6309
767 759 1027 852 dne-little
1052 761 1149 851 tien
1174 761 1304 852 ttooli
1328 763 1378 853 ot
1408 763 1595 855 ttnotol
1884 790 1930 866 57
1954 699 2007 790 's

514 969 718 1062 [Althongh
738 976 801 1042 the
820 975 1003 1062 following
1028 977 1173 1044 treatise
1193 995 1241 1044 on
1264 975 1451 1044 Merchant
1474 978 1560 1046 Iavv
1584 979 1670 1046 does
1693 988 1757 1045 not
1782 998 1933 1048 conoern

599 1111 732 1177 Bristol
754 1113 994 1200 particularly,
1020 1115 1081 1179 the
1103 1112 1315 1181 Committee
1338 1115 1485 1181 decided
1509 1124 1548 1182 to
1565 1116 1657 1182 have
1680 1115 1709 1181 it
1727 1115 1868 1202 printed
1894 1115 1934 1182 in

598 1249 730 1312 extenso
752 1267 799 1314 on
829 1259 978 1314 account
1006 1247 1049 1315 of
1071 1248 1119 1314 its
1148 1259 1250 1334 great
1280 1249 1426 1316 interest
1454 1251 1525 1316 and
1555 1250 1751 1335 important
1783 1251 1935 1340 beurim

600 1403 647 1450 on
676 1383 777 1450 trade
802 1385 841 1450 in
865 1385 927 1450 the
952 1384 1086 1451 middle
1113 1403 1209 1470 ages.
1262 1383 1366 1450 After
1395 1386 1499 1452 much
1528 1387 1651 1453 search
1680 1387 1752 1454 and
1786 1387 1935 1476 enquiry

599 1521 662 1587 the
683 1521 798 1586 editor
821 1521 888 1586 has
911 1523 1003 1587 been
1029 1523 1160 1588 unable
1185 1531 1222 1589 to
1246 1521 1406 1589 discover
1429 1525 1508 1590 that
1532 1523 1562 1589 it
1586 1523 1653 1590 has
1676 1525 1767 1590 been
1792 1525 1933 1611 printed

598 1653 727 1721 before.
782 1656 816 1723 It
842 1656 874 1722 is
900 1656 940 1722 in
965 1676 989 1724 a
1011 1657 1109 1723 hand
1134 1656 1176 1724 oi
1201 1659 1264 1724 the
1295 1660 1374 1742 14th
1401 1656 1575 1750 century]

261 1987 335 2039 nan
430 1976 650 2054 INCIPIT
698 1979 822 2054 LEX
879 1980 1274 2071 MERCATORIA,
1332 1982 1457 2075 QUE,
1514 1982 1764 2075 QUANDO,
1833 1981 1932 2072 VBI,

288 2364 310 2430 l·

660 2154 844 2230 INTER
897 2156 1042 2248 QUOS
1088 2157 1168 2232 ET
1215 2157 1301 2235 DE
1356 2156 1562 2250 QUIBUS
1611 2157 1708 2233 SIT.

555 2341 634 2409 Lex
647 2346 858 2414 mercatoria
871 2366 895 2413 a
908 2358 1063 2415 mercato
1078 2351 1263 2434 peruenire
1277 2349 1436 2430 sentinu,
1452 2357 1489 2422 et
1510 2349 1594 2416 inde
1613 2346 1730 2434 primo
1752 2347 1933 2414 sciendum

427 2490 482 2548 est
509 2479 571 2546 vbi
600 2491 793 2548 mercatum
822 2503 862 2548 sa
893 2491 988 2550 tenet
1019 2483 1065 2550 de
1100 2504 1171 2569 quo
1199 2485 1401 2552 huiusmodi
1429 2485 1528 2572 leges
1563 2483 1796 2570 proueniunt;
1839 2482 1933 2550 vnde

428 2619 681 2685 aduertendum
710 2613 889 2704 estquod
917 2628 1112 2686 mercatum
1140 2620 1343 2688 huiusmodi
1371 2641 1410 2688 se
1438 2621 1546 2687 habet
1582 2619 1620 2684 in
1653 2619 1809 2706 quinque
1844 2618 1933 2686 locis

427 2765 576 2836 tantum,
606 2755 742 2824 scilicet
777 2757 815 2822 in
852 2755 1077 2837 ciuitatibus,
1121 2757 1300 2840 nundinis,
1336 2757 1508 2844 portubus
1544 2775 1651 2841 supra
1685 2775 1793 2838 mmo,
1837 2754 1933 2822 villis

426 2892 645 2960 mmmtoriis
665 2903 702 2960 et
722 2893 857 2979 burgis,
881 2901 918 2958 et
943 2891 1012 2960 hoc
1036 2893 1178 2960 racione
1202 2893 1348 2960 mercati
1372 2892 1466 2960 vnde
1489 2891 1635 2960 vlterius
1656 2900 1713 2960 est
1729 2891 1932 2970 videndum,

424 3031 520 3117 quod
533 3031 625 3098 sicut
639 3041 832 3098 mmcatum
847 3031 1010 3097 sehabet
1024 3031 1062 3097 in
1075 3052 1109 3097 v.
1124 3031 1223 3110 locis,
1239 3031 1290 3098 ita
1305 3049 1444 3118 semper
1464 3029 1622 3118 sequitur
1643 3030 1703 3096 lex
1723 3028 1934 3096 mercatoria

426 3166 502 3233 siue
530 3167 591 3233 lex
619 3167 776 3249 mercati,
801 3167 967 3234 videlicet
989 3167 1075 3253 quia
1093 3167 1132 3233 in
1151 3167 1356 3234 ciuitatibus
1377 3176 1414 3233 et
1434 3167 1604 3234 nundinis
1625 3167 1701 3234 siue
1722 3165 1818 3232 feriis
1838 3164 1933 3252 quod

427 3303 521 3371 idem
542 3313 598 3370 ost
625 3303 715 3370 fiunt
739 3304 942 3390 empciones
963 3313 1001 3371 et
1022 3304 1250 3372 vendiciones
1271 3304 1570 3372 mercandisarum
1590 3301 1766 3382 continue,
1787 3301 1932 3382 scilicet,

424 3441 586 3522 vestium
605 3440 811 3507 victualium
834 3451 871 3508 et
894 3440 999 3525 quasi
1024 3440 1307 3508 omnimodorum
1332 3441 1505 3508 bonorum
1526 3437 1729 3513 mobilium
1764 3437 1844 3504 ideo
1872 3434 1933 3501 lex

427 3575 498 3642 ista
521 3575 747 3662 consequitur
770 3597 809 3642 se
835 3575 952 3663 ipsam
979 3578 1146 3645 continue
1167 3578 1205 3645 in
1228 3577 1298 3644 hiis
1316 3579 1455 3644 dnobus
1469 3576 1560 3644 sicut
1574 3585 1610 3644 et
1624 3582 1815 3642 mercatum
1830 3581 1867 3639 et
1880 3572 1932 3638 ita

426 3720 481 3779 est
495 3713 810 3780 attachiamentum
825 3713 901 3780 siue
915 3715 1119 3782 adiornaclo
1134 3716 1260 3781 hatum
1274 3717 1394 3802 legum
1416 3716 1461 3782 de
1481 3715 1570 3780 hora
1583 3713 1622 3779 in
1636 3713 1758 3779 horam
1772 3736 1781 3788 ς
1810 3718 1850 3774 vt
1870 3709 1931 3775 de·

425 3858 509 3915 ante
528 3849 653 3918 horam
674 3870 807 3917 nonam
827 3861 910 3938 post
931 3853 1055 3918 horam
1076 3871 1218 3931 nonam,
1234 3851 1494 3919 condedimus
1509 3850 1547 3916 in
1561 3849 1639 3917 dies
1652 3847 1877 3933 contiguatos
1891 3855 1931 3911 vt

425 3985 549 4050 dedis
572 3985 655 4053 lune
678 3989 725 4054 ad
748 3987 843 4054 diem
867 3987 1003 4070 martis,
1027 3989 1130 4055 etde
1154 3987 1213 4056 die
1233 3988 1358 4054 martis
1380 3987 1419 4054 in
1439 3987 1534 4053 diem
1556 3981 1728 4064 mercurii,
1750 3981 1820 4048 nisi
1841 3980 1931 4048 forte

424 4131 544 4206 parma
566 4123 604 4189 in
627 4123 762 4208 largius
785 4143 849 4190 sen
871 4124 1015 4191 breuius
1033 4125 1272 4192 consenciant
1317 4123 1362 4190 In
1376 4123 1547 4210 portubus
1561 4119 1838 4187 attachiamenta
1854 4118 1930 4184 siue

424 4257 691 4325 adimnaciones
705 4267 788 4325 sunt
802 4260 965 4327 similiter
976 4261 1178 4342 ordinatim,
1190 4261 1283 4328 sicut
1296 4270 1332 4327 et
1346 4279 1403 4326 res
1416 4258 1560 4326 venales
1567 4256 1715 4323 veniunt
1729 4255 1775 4321 ad
1789 4264 1930 4340 portum

423 4401 460 4458 et
480 4405 613 4460 meunt
632 4402 784 4481 portum,
806 4396 942 4464 scilicet
963 4397 1009 4464 de
1031 4398 1190 4484 daytyda
1210 4397 1249 4462 in
1271 4396 1475 4484 daytydam,
1490 4412 1555 4460 nec
1579 4389 1775 4478 computari
1799 4388 1931 4456 debent

422 4529 497 4598 tide
510 4534 704 4600 noctuales.
748 4533 793 4600 In
806 4534 902 4602 villis
915 4534 1134 4601 mercatoriis
1148 4543 1186 4601 et
1199 4533 1323 4620 burgis
1344 4533 1475 4600 debent
1494 4528 1571 4598 fieri
1594 4529 1871 4598 anechiamenta
1893 4535 1931 4594 et

423 4669 691 4738 adiomaciones
710 4670 757 4738 de
776 4679 933 4738 mercato
954 4671 992 4738 in
1017 4679 1174 4738 mercato
1199 4668 1269 4758 (n‘c)
1296 4670 1334 4736 in
1359 4677 1563 4736 mercatum.
1623 4666 1683 4733 Ad
1711 4668 1812 4754 leges
1840 4665 1929 4733 istm

422 4807 599 4892 pertinent
626 4805 835 4873 namraliter
862 4806 984 4874 omnia
1012 4807 1147 4895 placita
1173 4813 1292 4894 preter
1318 4805 1452 4892 placita
1480 4813 1571 4871 terre
1599 4811 1749 4870 tantum.
1795 4801 1868 4872 Sed
1897 4801 1929 4870 sl

423 4941 558 5008 domini
571 4951 608 5009 et
621 4953 741 5029 partes
754 4943 968 5027 placitantes
982 4915 1099 5011 maius
1111 4941 1287 5010 voluerint
1300 4942 1473 5008 deducere
1486 4949 1523 5008 et
1541 4939 1706 5026 prosequi
1729 4940 1862 5025 placita
1884 4940 1929 5005 de

424 5078 574 5165 appellis
587 5079 626 5146 in
639 5077 745 5147 dictis
758 5079 848 5148 locis
857 5099 976 5148 coram
990 5080 1043 5149 eis
1057 5081 1224 5147 inchoata
1237 5079 1278 5148 in
1292 5079 1372 5148 aliis
1386 5079 1492 5146 curiis
1507 5080 1553 5146 ad
1568 5097 1790 5148 communem
1811 5077 1928 5164 legem
