4975 6309
756 760 854 850 illle
877 759 1016 850 little
1040 758 1139 847 lieo
1162 756 1292 848 Book
1317 757 1367 845 of
1397 758 1582 849 bustel.
1852 783 1917 855 171

417 974 536 1059 sigillo
564 972 708 1041 maioris
736 974 894 1059 ejusdem
923 975 1008 1041 ville
1037 983 1092 1041 est
1120 990 1329 1058 appensum.
1386 971 1520 1037 Datum
1550 974 1646 1058 apud
1674 972 1921 1041 westmonas-

417 1109 543 1177 terium
572 1109 741 1177 vioesimc
768 1112 827 1177 die
855 1110 1078 1191 Novembris,
1108 1128 1202 1176 anno
1231 1109 1335 1195 regni
1364 1108 1645 1175 metuendissimi
1673 1108 1811 1175 domini
1851 1109 1922 1175 mei

419 1246 535 1331 Regis
577 1246 714 1313 decimo
754 1244 886 1339 [1408].
945 1248 1022 1316 Nos
1066 1259 1184 1315 autem
1218 1246 1445 1313 indenturam
1488 1246 1684 1331 predictam
1727 1254 1765 1311 et
1803 1244 1923 1312 omnia

420 1392 584 1449 contenta
625 1382 664 1448 in
701 1385 826 1451 eadem
864 1394 944 1451 rata
970 1386 1145 1452 habentes
1173 1393 1209 1451 et
1238 1393 1342 1469 grata
1371 1402 1415 1449 ea
1442 1402 1508 1468 pro
1537 1382 1641 1449 nobis
1670 1394 1707 1448 et
1734 1380 1924 1449 heredibus

418 1518 548 1585 nostris
589 1529 762 1605 quantum
799 1520 837 1585 in
866 1520 971 1589 nobis
1011 1530 1069 1588 est
1107 1528 1344 1605 acceptamus,
1388 1522 1638 1604 approbamus,
1684 1528 1721 1585 et
1776 1516 1922 1602 prefatis

418 1654 542 1721 maiori
577 1664 614 1723 et
654 1656 898 1725 communitati
936 1668 972 1725 et
1012 1658 1273 1725 successoribus
1312 1655 1386 1721 suis
1420 1667 1542 1721 tenore
1579 1654 1798 1740 presencium
1837 1674 1922 1721 con-

418 1792 574 1859 oedimus
601 1803 639 1859 et
667 1792 915 1863 confirmamus
944 1806 1049 1883 prout
1077 1797 1266 1863 indentura
1293 1794 1453 1879 predicta
1474 1794 1738 1861 racionabiliter
1760 1805 1921 1865 testatur.

418 1928 461 1997 In
491 1930 591 1998 cuius
619 1931 671 1999 rei
711 1934 954 2001 testimonium
994 1936 1061 2000 has
1099 1933 1237 2000 litteras
1274 1940 1415 1998 nostras
1455 1928 1532 1997 fieri
1564 1929 1711 1998 fecimus
1747 1942 1923 2018 patenter.

416 2066 522 2134 Teste
551 2087 608 2136 mc
637 2070 716 2155 ipsc
742 2072 836 2156 apud
865 2070 1220 2139 westmonasterium
1246 2079 1372 2137 octavo
1399 2067 1458 2134 die
1481 2067 1674 2146 Februarii,
1702 2089 1798 2135 anno
1822 2070 1925 2158 regni

420 2206 531 2270 nostri
559 2204 697 2271 decimo
728 2203 859 2297 [1409]
932 2208 1003 2274 Pro
1032 2218 1173 2274 centurn
1202 2207 1326 2274 solidis
1356 2206 1481 2272 solutis
1511 2205 1548 2271 in
1586 2205 1792 2289 hanaperio.

549 2342 730 2411 Followed
757 2344 808 2431 by
837 2346 898 2411 the
925 2345 1022 2411 bond
1052 2345 1142 2413 from
1171 2346 1231 2413 the
1261 2344 1390 2430 Mayor
1418 2345 1489 2412 and
1519 2341 1768 2429 Commonalty
1796 2341 1838 2409 oi
1860 2346 1922 2411 the

422 2487 517 2545 town
544 2477 599 2545 for
626 2482 688 2547 the
716 2481 786 2548 due
815 2483 1029 2549 observanoe
1057 2479 1094 2548 oi
1121 2480 1183 2545 the
1215 2480 1328 2545 above
1339 2502 1393 2541 :-

549 2615 628 2683 Hec
646 2618 834 2685 indentura
855 2618 950 2686 facta
973 2619 1065 2685 inter
1087 2615 1268 2683 dominam
1290 2613 1491 2697 Johannam
1511 2612 1580 2679 Dei
1599 2614 1722 2699 gracia
1741 2612 1922 2700 Reginam

417 2752 551 2839 Anglie
565 2772 612 2819 ex
625 2775 697 2822 una
710 2766 812 2841 parte
826 2766 862 2823 et
876 2754 1075 2839 Johannem
1088 2754 1254 2841 Fyssher,
1270 2750 1443 2817 Maiorem
1456 2751 1540 2816 ville
1555 2750 1745 2829 Bristcllie,
1760 2760 1797 2817 et
1819 2750 1924 2819 Com-

419 2887 627 2954 munitat'em
652 2888 808 2957 eiusdem
834 2890 919 2956 ville
943 2909 989 2955 ex
1014 2899 1117 2975 perte
1146 2890 1268 2967 altera,
1298 2896 1458 2967 testatur,
1488 2906 1568 2952 cum
1598 2888 1757 2973 predicta
1780 2889 1925 2955 domine

419 3022 564 3109 Regina
577 3044 642 3109 per
655 3025 745 3091 alias
760 3024 895 3091 litteras
911 3045 994 3092 suas
1009 3025 1212 3091 indentatas
1226 3025 1272 3089 de
1285 3024 1370 3090 dato
1385 3024 1430 3089 de
1444 3022 1614 3090 vicesimo
1629 3024 1687 3089 die
1701 3024 1924 3125 Novembris,

420 3182 514 3227 anno
531 3162 633 3249 regni
654 3162 750 3248 regis
773 3162 920 3229 Henrici
942 3163 1059 3248 quarti
1080 3173 1162 3247 post
1183 3170 1414 3246 conquestum
1436 3160 1574 3225 decimo
1596 3155 1716 3248 [1408]
1739 3160 1924 3242 concessit,

418 3307 454 3363 et
475 3298 522 3363 ad
536 3307 649 3364 totam
663 3299 774 3365 vitam
789 3320 891 3367 suam
905 3301 952 3366 ad
966 3298 1104 3365 firmam
1120 3297 1255 3365 dimisit
1268 3294 1406 3382 prefato
1426 3294 1583 3379 Johanni
1604 3295 1769 3381 Fyssher‚
1793 3295 1922 3361 Maiori

418 3432 501 3499 ville
537 3432 694 3517 predicte
737 3444 775 3500 et
815 3434 1069 3501 Communitati
1104 3432 1263 3499 eiusdem
1299 3431 1383 3496 ville
1419 3440 1456 3495 et
1495 3448 1615 3495 eorum
1652 3432 1923 3514 successoribus,

418 3568 539 3633 villam
569 3568 725 3635 Bristcll.
756 3580 793 3637 et
822 3570 991 3636 suburbia
1019 3569 1177 3637 eiusdem
1207 3588 1287 3634 cum
1316 3565 1482 3632 omnibus
1507 3564 1609 3630 terris
1635 3574 1672 3630 et
1701 3566 1923 3646 tenementis,

419 3704 625 3786 redditibus,
655 3706 863 3793 curtilagiis‚
893 3707 1013 3787 celdis,
1041 3704 1150 3786 tostis,
1174 3704 1345 3791 gardinis,
1371 3701 1595 3781 molendinis,
1627 3703 1792 3769 scabellis
1819 3721 1924 3769 voca·

417 3840 466 3905 tis
504 3840 758 3909 ffiesshameles
800 3853 838 3909 et
877 3844 958 3911 aliis
1001 3844 1176 3923 scabellis,
1221 3843 1371 3927 stagnis,
1415 3851 1503 3927 tyna
1546 3839 1673 3920 Cestri,
1717 3838 1925 3923 redditibus,

420 3970 633 4064 langabulis,
675 3981 875 4062 theoloniis‚
919 3982 1072 4067 placitis,
1117 3979 1445 4067 perquisicionibus,
1485 3975 1755 4054 reversionibus,
1797 3973 1924 4054 Curiis,

419 4109 515 4179 feriis
543 4114 588 4179 de
616 4116 792 4195 mercatis,
821 4116 934 4185 feodis
963 4128 1000 4186 et
1028 4120 1109 4185 aliis
1145 4088 1291 4193 iuribus,
1324 4114 1637 4192 consuetudinibus
1664 4123 1702 4179 et
1730 4112 1924 4181 comodita-

419 4248 515 4315 tibus
537 4250 583 4317 ad
604 4252 726 4318 villam
748 4254 954 4337 predictam,
977 4254 1146 4321 suburbia
1167 4263 1204 4321 et
1225 4252 1444 4337 procinctum
1466 4251 1624 4318 eiusdem
1646 4251 1925 4336 quibuscumque

419 4386 687 4469 pertinentibus,
710 4388 868 4473 exceptis
890 4388 928 4454 in
943 4390 1048 4456 dictis
1063 4390 1144 4457 aliis
1165 4389 1363 4456 indenturis
1384 4388 1553 4473 exceptis,
1576 4406 1728 4453 unacum
1749 4388 1923 4464 libertate,

418 4520 615 4607 privilegiis
662 4531 698 4588 et
737 4522 946 4599 franchesiis
982 4526 1020 4592 in
1055 4525 1224 4611 predictis
1261 4524 1458 4591 indentur-is
1494 4522 1681 4602 contentis,
1719 4532 1755 4588 et
1791 4522 1925 4589 eisdem

420 4654 549 4723 Maiori
569 4665 607 4724 et
630 4657 884 4727 communitati
912 4672 949 4727 et
973 4680 1095 4729 eorum
1120 4663 1381 4729 successoribus
1406 4659 1594 4740 concessis,
1621 4669 1658 4725 et
1680 4679 1745 4744 per
1768 4668 1927 4726 metuen-

419 4790 604 4859 dissimum
630 4795 812 4863 dominum
836 4806 995 4865 nostrum
1021 4798 1162 4887 Regem
1187 4798 1303 4864 eidem
1330 4795 1473 4863 domine
1499 4795 1642 4883 Regino
1667 4796 1714 4862 ad
1737 4796 1927 4863 terminum

419 4929 493 4994 vite
521 4948 585 4997 sue
613 4932 790 4999 concessis
818 4944 855 5001 et
884 4936 1078 5023 assignatis
1109 4945 1215 5023 prout
1249 4936 1287 5000 in
1322 4933 1394 4999 hiis
1430 4932 1500 5021 (sic)
1538 4934 1742 5018 patentibus
1777 4932 1927 5019 predicti
1999 4927 2003 4935 ’

420 5064 554 5133 domini
606 5066 723 5155 Regis
772 5070 888 5137 eidem
940 5072 1082 5161 Regina
1132 5072 1236 5139 factis
1284 5071 1424 5156 plenius
1471 5071 1680 5151 continetur,
1728 5070 1926 5138 Reddenda
