4975 6309
893 767 990 857 doe
1014 767 1152 859 ttttle
1177 770 1276 860 Rtb
1300 770 1429 861 Book
1455 771 1505 860 of
1535 771 1723 864 Metel.

957 978 1046 1071 [The
1060 982 1151 1049 three
1164 989 1249 1050 next
1259 984 1382 1051 cntn'cs
1394 1004 1453 1050 arc
1465 983 1661 1076 addt'ts'ons}

551 1139 608 1207 De
623 1142 710 1207 turri
724 1143 817 1208 ultra
831 1152 970 1228 portam
986 1146 1030 1211 de
1045 1145 1173 1212 Frome
1188 1147 1345 1213 inferiori
1419 1196 1427 1212 .
1561 1196 1570 1213 .
1703 1197 1712 1214 .

550 1297 607 1365 De
621 1298 797 1367 Edwardo
813 1299 967 1365 Blanket
982 1320 1047 1385 pro
1070 1300 1156 1365 turri
1179 1300 1216 1366 in
1239 1300 1450 1367 occidentali
1464 1304 1566 1387 parte
1580 1300 1676 1369 Kaie
1690 1324 1714 1369 a

636 1434 726 1501 festo
752 1446 954 1503 sanctorum
981 1435 1138 1503 Simonis
1165 1446 1201 1501 et
1226 1436 1318 1519 Jude
1338 1456 1434 1502 anno
1454 1432 1713 1529 xxxiiJ'[1359]

640 1593 706 1659 per
726 1583 797 1639 tres
820 1593 935 1640 annos
956 1582 1154 1657 sequentes,
1177 1572 1261 1638 xxd.
1310 1573 1358 1639 Et
1379 1574 1508 1640 exinde
1529 1576 1577 1641 ad
1597 1585 1711 1642 totum

636 1709 824 1775 terminum
840 1710 912 1776 vite
926 1709 1076 1794 predicti
1092 1709 1271 1790 Edwardi,
1282 1708 1366 1789 uid,
1381 1721 1418 1776 et
1432 1722 1513 1796 post
1528 1713 1713 1780 decessum

635 1846 783 1930 predicti
797 1846 964 1913 Edwardi
987 1893 1710 1917 ......

408 2022 415 2039 ·
444 2023 451 2038 ·
548 1996 606 2063 De
620 2006 821 2065 tenemento
840 2020 954 2085 nuper
966 2000 1141 2084 Johanuis
1165 2000 1363 2068 Mildecorn
1378 2001 1479 2069 iuxta
1499 2004 1534 2071 le
1556 2004 1713 2092 Blynde·

547 2288 605 2355 De
618 2289 779 2357 Waltero
795 2290 969 2377 Hoghton
984 2310 1050 2375 pro
1065 2290 1152 2355 turri
1167 2292 1211 2356 de
1225 2290 1519 2379 Aylwardesyate
1560 2341 1568 2358 .
1702 2342 1710 2358 .

548 2444 604 2509 De
618 2444 736 2510 Adam
752 2444 913 2511 Marchal
929 2465 995 2530 pro
1010 2446 1111 2511 trabe
1125 2444 1226 2509 iuxta
1239 2445 1480 2511 molendinum
1496 2446 1603 2513 castri
1700 2495 1708 2512 .

544 2596 602 2663 De
638 2597 785 2684 Rogero
820 2597 937 2663 Leche
974 2617 1040 2682 pro
1076 2616 1190 2664 vacua
1225 2599 1351 2683 plaoea
1387 2598 1488 2664 iuxta
1523 2597 1708 2664 ecclesiam

632 2735 746 2799 sancti
762 2734 858 2799 Petri

545 2869 602 2934 De
624 2870 785 2953 Johanne
807 2871 997 2937 Horcastel
1019 2890 1085 2956 pro
1105 2879 1308 2937 tenemento
1331 2887 1396 2936 suo
1418 2869 1456 2936 in
1477 2870 1709 2957 Wynchstret

633 3026 678 3071 ex
693 3006 857 3091 opposito
873 3005 1085 3090 collistrigii¹
1127 3055 1703 3073 .....

545 3147 600 3214 De
613 3148 765 3214 Riemdo
778 3148 936 3215 Mean
949 3150 1128 3234 preesse
1141 3150 1272 3217 ibidem
1410 3197 1418 3215 .
1551 3196 1560 3213 .
1694 3198 1703 3214 .

544 3289 601 3357 De
622 3290 785 3372 Johanne
805 3292 984 3379 Whityng
1005 3312 1070 3378 pro
1093 3292 1115 3378 ij
1140 3292 1275 3378 plaoeis
1295 3292 1418 3359 vacuis
1439 3292 1477 3357 in
1498 3290 1707 3376 Worshipe·

542 3574 600 3641 De
615 3574 796 3640 Willelmo
811 3576 973 3640 Tenuere
994 3594 1059 3659 pro
1075 3583 1279 3641 tenemento
1293 3593 1358 3641 suo
1373 3593 1479 3659 super
1497 3574 1646 3638 baccum
1660 3570 1705 3637 de

629 3716 756 3783 Frome
771 3717 863 3801 quod
880 3716 1055 3783 inhabitat
1120 3762 1698 3783 .....

541 3859 599 3926 De
612 3859 794 3925 Willelmo
817 3860 980 3925 Tannere
1001 3861 1100 3926 iuxta
1116 3862 1259 3926 domum
1274 3857 1419 3924 fratrum
1442 3856 1616 3923 minorum
1639 3876 1705 3941 pto

629 4001 766 4067 duabus
781 4001 914 4085 plateis
929 3999 1060 4067 ibidem
1122 4048 1700 4067 .....

541 4140 597 4207 De
622 4141 784 4224 Johanne
809 4142 1006 4228 Wycombe
1034 4162 1099 4227 pro
1125 4151 1327 4210 tenemento
1352 4144 1390 4210 in
1416 4141 1591 4228 draperia¹
1610 4142 1705 4227 quod

630 4284 788 4349 Eborard
805 4283 984 4369 Franceys
997 4284 1130 4369 legavit
1146 4284 1416 4350 communitati.
1549 4333 1558 4349 .
1692 4331 1700 4350 .

541 4426 599 4492 De
613 4425 777 4509 Johanne
791 4424 965 4492 Combare
985 4426 1170 4510 capellano
1192 4447 1257 4511 pro
1271 4435 1473 4493 tenemento
1488 4430 1526 4493 in
1547 4427 1702 4514 Blynde·

627 4578 710 4655 yate

540 4712 599 4779 De
623 4710 784 4779 Roberto
808 4709 959 4798 Prentyz
983 4732 1047 4797 pro
1070 4711 1205 4780 fossato
1230 4712 1408 4780 communi
1436 4712 1537 4779 iuxta
1561 4722 1700 4797 portam

626 4852 782 4919 Laffardi
840 4900 1701 4921 .......
1891 4851 1975 4939 iiijd.
1992 4853 2049 4920 ob.

541 5098 732 5167 'ssePilioru
767 5098 886 5167 Ἀραὶ
900 5098 1496 5169 orthefflghstreetwucauedthennpay.
1514 5098 2049 5167 styesummosenuot,n.,p.14o.
