4975 6309
735 700 832 791 tite
856 696 994 787 little
1019 694 1116 786 lieo
1141 694 1270 788 Boot
1296 694 1347 785 of
1376 692 1564 783 ttttetot
1878 715 1902 786 9

397 916 454 983 De
468 924 670 983 tenemento
692 914 825 981 ibidem
850 916 942 979 inter
963 920 1201 979 tenementum
1220 910 1382 977 Matildis
1404 908 1557 975 Wachet

483 1062 519 1119 et
534 1060 773 1119 tenementum
788 1048 962 1134 Johannis
975 1048 1097 1117 Turtie
1111 1048 1206 1135 quod
1220 1048 1401 1116 Walterus
1415 1048 1556 1115 Prentiz

398 1322 455 1389 De
491 1320 554 1389 illo
592 1332 798 1391 tenemento
836 1322 967 1390 ibidem
1004 1323 1097 1390 inter
1131 1332 1370 1390 tenementum
1406 1322 1558 1390 Walteri

484 1460 626 1527 Prentiz
652 1468 690 1528 et
715 1470 954 1527 tenementum
979 1458 1153 1545 Stephani
1182 1460 1437 1528 Pollesworthe
1460 1457 1556 1545 quod

484 1596 665 1680 Iohannes
678 1597 801 1665 Turtle
816 1598 929 1665 tenuit
981 1639 1558 1663 .....

399 1732 456 1801 De
470 1743 672 1801 tenemento
688 1734 819 1803 ibidem
841 1735 933 1801 inter
947 1742 1185 1802 tenementum
1198 1732 1374 1817 Johennis
1385 1732 1509 1799 Turtle
1522 1740 1559 1798 et

484 1870 658 1953 Johennis
679 1872 772 1938 Atte
792 1870 907 1959 Weye
928 1872 1023 1957 quod
1048 1870 1252 1959 Stephanus
1265 1873 1311 1938 de
1325 1870 1557 1938 Pollesworth

399 2140 456 2210 De
470 2150 672 2211 tenemento
694 2144 826 2211 ibidem
843 2146 936 2215 inter
956 2156 1197 2215 tenementum
1218 2147 1305 2213 dicti
1327 2146 1502 2233 Stephani
1522 2152 1559 2211 et

486 2290 725 2349 tenementum
764 2282 939 2367 Johennis
973 2284 1095 2352 Turtle
1130 2284 1225 2371 quod
1263 2269 1445 2367 Johennes
1469 2282 1557 2349 Atto

485 2416 601 2503 Weye
614 2420 728 2485 tenuit

400 2554 457 2621 De
478 2554 541 2622 illo
555 2563 757 2623 tenemento
778 2558 908 2624 ibidem
931 2558 1023 2626 inter
1036 2569 1275 2625 tenementum
1288 2556 1463 2641 Jobennis
1470 2555 1558 2622 Atte

487 2694 602 2781 Weye
629 2704 667 2761 et
690 2704 928 2763 tenementum
951 2696 1088 2783 Rogeri
1108 2698 1154 2765 de
1178 2696 1442 2785 Wynterboum
1463 2695 1558 2782 quod

485 2830 668 2915 Johennes
681 2832 803 2899 Turtle
818 2834 931 2901 tenuit
981 2878 1557 2901 .....

400 2966 457 3033 De
472 2977 674 3036 tenemento
694 2970 825 3037 ibidem
840 2972 932 3038 inter
945 2982 1182 3041 tenementum
1196 2973 1371 3058 Johannis
1383 2973 1507 3041 Turtle
1520 2980 1557 3039 et

487 3114 726 3175 tenementum
740 3108 915 3191 Johannis
929 3112 974 3177 de
987 3109 1234 3177 Bodecoumbe
1260 3157 1269 3176 .
1402 3157 1411 3176 .
1545 3157 1553 3174 .

403 3242 459 3310 De
474 3254 675 3313 tenemento
697 3246 829 3315 ibidem
851 3250 944 3317 inter
964 3234 1202 3317 tenementum
1225 3248 1362 3335 Rogeri
1379 3249 1426 3314 de
1444 3246 1558 3334 Wyn·

489 3380 656 3446 terbourn
671 3390 708 3448 et
722 3392 961 3451 tenementum
975 3384 1146 3452 thielmi
1161 3385 1302 3451 Bakare
1315 3384 1470 3469 pelitarii
1543 3429 1552 3446 .

402 3514 459 3581 De
483 3515 546 3583 iilo
569 3525 772 3585 tenemento
791 3518 922 3587 ibidem
948 3520 1040 3587 inter
1060 3529 1298 3587 tenementum
1318 3519 1491 3603 Jobannis
1512 3518 1557 3585 de

489 3652 737 3721 Bodecoumbe
751 3665 788 3722 et
801 3667 1039 3723 tenementum
1052 3657 1225 3741 Johennis
1247 3656 1449 3743 Romeseye
1462 3654 1557 3742 quod

487 3776 691 3859 Wilielmus
705 3794 740 3860 le
754 3794 895 3861 Bakare
908 3795 1091 3881 pelitefius
1105 3792 1219 3860 tenuit
1264 3842 1272 3858 .
1406 3840 1415 3857 .
1548 3839 1557 3857 .

401 3924 459 3993 De
480 3936 683 3996 tenemento
707 3931 838 3999 ibidem
862 3934 954 3998 inter
976 3940 1214 3999 tenementum
1232 3930 1406 4014 Johennis
1424 3928 1558 3995 Rome-

489 4082 574 4151 seye
608 4074 646 4131 et
681 4076 919 4135 tenementum
948 4068 1121 4151 Johennis
1155 4068 1213 4136 De
1244 4065 1348 4132 Dene
1375 4062 1496 4130 cleriei
1523 4063 1559 4129 et

487 4203 631 4288 Juliane
644 4204 765 4271 uxoris
780 4206 868 4272 eius¹
888 4207 983 4291 quod
996 4206 1198 4276 willelmus
1221 4209 1353 4276 Rossel
1374 4205 1558 4293 pelitariue

256 4498 309 4563 ts.
402 4487 457 4561 De
472 4486 535 4554 illo
550 4496 752 4555 tenemento
773 4491 812 4555 in
826 4491 905 4556 vico
923 4492 968 4557 de
982 4490 1184 4578 Redeclyve
1206 4491 1299 4557 inter
1319 4499 1558 4556 tenementum

486 4629 662 4697 Willelmi
687 4630 818 4699 Rossel
843 4624 998 4718 pelitarii
1027 4642 1063 4699 et
1089 4633 1230 4718 Juliene
1258 4634 1380 4701 uxoris
1409 4633 1497 4700 eius¹
1523 4642 1560 4698 et

487 4784 727 4842 tenementum
743 4775 922 4863 Margerie
935 4776 1274 4864 Wombstrenges.
1407 4827 1415 4843 .
1548 4825 1557 4842 .
1690 4776 1742 4861 ijs.
1758 4773 1830 4861 iijd.
1845 4777 1904 4843 ob.

434 4945 711 5014 mammeam
722 4946 931 5001 commonuere
963 4926 1877 5016 InthementrytbesmbehminmpouteduetJultm·vneim‚’'

852 5037 1456 5105 endbymistukegimnhettoJobndeDene.
