4975 6309
559 790 634 846 220
892 764 990 857 doc
1014 762 1278 854 uttttetteo
1302 762 1432 853 tloot
1457 763 1508 854 ct
1536 765 1725 857 bonci

556 990 715 1067 tempere
741 977 872 1047 fiterbrt
900 998 1006 1065 super
1033 978 1321 1057 denunciacione,
1349 976 1528 1045 eleccione
1553 988 1592 1046 et
1627 979 1924 1066 pronunciacione
1957 982 2063 1049 vnius
2146 1042 2150 1047 .

556 1116 732 1203 capellani
775 1115 821 1181 ad
862 1114 1061 1181 faciendam
1111 1114 1243 1180 dictam
1287 1110 1492 1182 cantariam
1542 1134 1616 1181 non
1665 1115 1957 1183 concordauetint
2007 1128 2062 1185 set

556 1250 847 1331 discordauerint,
877 1250 936 1318 Ita
963 1252 1058 1337 quod
1085 1270 1177 1317 unus
1206 1250 1412 1336 capellanus
1439 1250 1671 1317 denuncietur
1697 1250 1828 1338 Maiori
1859 1272 1925 1339 per
1954 1274 2062 1321 unam

556 1400 693 1477 partem
722 1398 760 1456 et
787 1388 880 1455 alius
908 1388 1113 1473 capellanus
1141 1387 1387 1454 denominetur
1414 1405 1479 1472 per
1506 1386 1615 1453 aliam
1642 1398 1793 1473 partem,
1821 1399 1952 1457 extunc
1979 1392 2063 1459 volo

558 1536 595 1593 et
622 1524 750 1592 ordino
779 1522 874 1610 quod
902 1524 995 1590 bene
1019 1498 1126 1589 liceat
1161 1522 1292 1609 Maiori
1326 1522 1389 1608 qui
1424 1541 1489 1607 pro
1525 1531 1685 1609 tempore
1719 1522 1826 1591 fuerit
1859 1537 2063 1611 presentare

558 1660 605 1728 ad
632 1660 764 1727 dictam
795 1658 998 1727 Castaliam
1036 1668 1267 1745 occupantem
1294 1658 1396 1726 illum
1424 1659 1648 1745 capellanum
1675 1661 1740 1747 qui
1767 1662 1885 1748 magis
1904 1664 2064 1749 ydoneus

557 1796 662 1865 fiuent
692 1798 729 1863 in
758 1796 916 1863 moribus
943 1805 981 1863 et
1009 1796 1163 1863 sciencia
1187 1797 1293 1883 juxta
1319 1796 1572 1863 discrecionem
1601 1796 1714 1883 ipsius
1749 1798 1894 1883 majoris
1929 1800 1969 1865 in
1995 1800 2064 1867 hac

558 1944 659 2021 parte
684 1934 908 2019 judicandus.
951 1932 1001 1999 Et
1021 1932 1053 2000 si
1073 1932 1225 1999 vicarius
1246 1942 1284 2000 et
1304 1933 1469 1999 custodes
1493 1933 1588 2001 dicte
1615 1934 1764 2001 ecclesie
1787 1944 1825 2001 et
1845 1954 2063 2004 successores

560 2072 616 2139 sui
660 2089 766 2157 super
800 2070 978 2138 eleccione
1012 2079 1049 2137 et
1092 2070 1369 2137 denunciacione
1403 2068 1509 2135 vuius
1543 2070 1720 2156 capellani
1759 2089 1823 2157 per
1865 2080 1947 2139 octo
1985 2073 2062 2140 dies

461 2240 470 2257 ·
560 2206 797 2294 negligentes¹
841 2206 971 2274 fixerint
1021 2216 1057 2273 et
1100 2207 1237 2273 nullum
1294 2207 1517 2293 capellanum
1575 2208 1623 2273 ad
1680 2208 1814 2276 dictam
1857 2208 2062 2277 Cauterium

559 2356 790 2434 occupantem
840 2346 970 2433 Maiori
1019 2346 1114 2412 dicte
1149 2346 1233 2413 ville
1275 2344 1566 2412 denunciauerint
1601 2364 1665 2412 seu
1700 2346 1972 2427 nominarrerint,
2007 2358 2063 2414 set

558 2484 699 2553 remissi
728 2493 765 2551 et
793 2482 1017 2570 negligentes
1044 2480 1185 2565 iruerint,
1215 2490 1346 2549 extunc
1373 2481 1457 2548 volo
1484 2491 1522 2549 et
1550 2482 1676 2549 ordino
1700 2484 1797 2568 quod
1830 2484 1923 2549 bene
1956 2483 2064 2551 liceat

557 2619 689 2707 Maiori
727 2620 821 2687 dicte
861 2618 947 2686 ville
982 2638 1092 2685 vnum
1131 2618 1356 2705 capellanum
1392 2620 1570 2705 ydoneum
1609 2620 1657 2685 ad
1697 2619 1830 2687 dictam
1859 2618 2064 2688 Cantatum

557 2764 788 2842 occupantem
816 2756 1005 2823 diocesano
1032 2762 1236 2841 presentare
1265 2756 1401 2841 absque
1427 2774 1607 2823 concensu
1642 2765 1681 2823 et
1711 2775 1860 2824 assensu
1890 2756 2064 2824 dictomm

557 2889 681 2961 deerit
709 2898 747 2956 et
781 2890 966 2957 custodum
1004 2886 1066 2974 qui
1105 2908 1170 2975 pro
1208 2898 1366 2975 tempore
1401 2889 1542 2957 fixerint.
1598 2891 1648 2957 Et
1684 2909 1758 2959 non
1793 2892 1916 2960 licebit
1957 2892 2064 2959 alicui

558 3028 744 3113 capellano
788 3025 835 3093 ad
870 3026 1002 3094 dictam
1038 3024 1242 3094 cantariam
1278 3035 1510 3112 occupantem
1545 3046 1610 3113 per
1644 3027 1872 3096 diocesanum
1909 3030 2064 3096 admisso

559 3167 747 3233 absentare
775 3182 815 3231 se
843 3184 867 3231 a
894 3164 1089 3245 matutinis,
1120 3164 1238 3231 missis
1266 3172 1304 3231 et
1323 3164 1482 3250 vesperis
1503 3184 1569 3231 nec
1590 3174 1695 3231 extra
1715 3164 1838 3232 villam
1858 3176 2065 3250 pernoctare

539 3302 693 3387 ‚absque
722 3320 831 3369 causa
858 3298 1020 3387 legitima
1047 3312 1084 3367 et
1111 3300 1321 3368 racionabili
1348 3302 1428 3368 sine
1455 3300 1605 3368 licencia
1633 3302 1759 3369 vicarii
1788 3303 1884 3369 dicte
1917 3304 2067 3371 ecclesie

559 3436 684 3507 Sancti
721 3436 897 3517 Nicholai,
932 3436 963 3503 si
991 3456 1138 3522 presens
1166 3436 1282 3517 fuerit,
1311 3438 1370 3504 vel
1406 3437 1558 3524 alicujus
1593 3438 1752 3505 custodis
1788 3439 1884 3506 dicte
1917 3441 2067 3508 ecclesie

558 3574 590 3642 si
617 3574 771 3641 vicarius
800 3574 929 3641 absens
956 3573 1072 3641 buerit.
1116 3573 1165 3640 Et
1193 3574 1311 3641 dictus
1337 3574 1505 3641 dominus
1533 3573 1653 3641 David
1681 3582 1719 3641 et
1754 3594 1974 3643 successores
2009 3578 2064 3643 sui

558 3710 735 3798 capellani
785 3711 943 3797 quolibet
988 3730 1084 3777 anno
1119 3710 1260 3777 soluent
1301 3712 1587 3795 procuratoribus
1625 3710 1720 3778 dicte
1758 3712 1907 3779 ecclesie
1938 3710 2065 3781 Sancti

557 3848 724 3918 Nicholai
758 3858 795 3915 et
827 3846 1088 3916 successoribus
1117 3846 1191 3914 suis
1219 3847 1507 3932 procuratoribus
1543 3847 1606 3933 qui
1642 3865 1708 3933 pro
1743 3856 1902 3934 tempore
1935 3848 2066 3917 fuerint

478 4084 481 4091 y
559 3986 689 4071 viginti
734 3984 867 4051 solidos
914 3984 995 4075 qui!
1020 3985 1254 4051 remanebunt
1300 3983 1340 4051 in
1378 4003 1500 4051 eorum
1538 3983 1704 4051 manibus
1743 3993 1782 4051 et
1817 3984 1978 4051 custodis
2019 3984 2067 4052 ad

561 4123 831 4191 sustentandum
853 4132 890 4189 et
917 4121 1153 4207 reparandum
1173 4128 1389 4199 tenementa,
1415 4120 1548 4204 sbopas
1572 4127 1610 4185 et
1634 4119 1803 4185 solarium
1828 4120 2066 4205 suprascripta

562 4276 643 4326 curn
671 4276 815 4324 necesse
842 4254 957 4336 buerit,
986 4257 1038 4323 ita
1067 4274 1206 4341 semper
1233 4255 1328 4343 quod
1356 4274 1436 4322 cum
1464 4264 1709 4340 procuratores
1736 4254 1831 4322 dicte
1850 4255 1999 4323 ecclesie
2018 4256 2065 4322 ab

562 4390 677 4461 officio
706 4410 771 4459 suo
799 4390 936 4476 depulsi
965 4392 1038 4458 sint
1066 4402 1102 4459 et
1138 4392 1322 4459 exonerati
1356 4391 1453 4478 quod
1488 4390 1609 4458 statim
1645 4408 1769 4458 omnes
1804 4389 1969 4456 denafios
2002 4408 2067 4475 pet

562 4526 661 4612 ipsos
689 4526 741 4592 sic
769 4534 930 4611 receptos
959 4524 1069 4593 saluis
1098 4526 1265 4611 expensis
1292 4545 1357 4611 per
1383 4527 1482 4612 ipsos
1510 4526 1688 4613 impositis
1722 4526 1818 4593 circa
1852 4536 2065 4605 tenementa,

563 4661 695 4747 shopas
717 4670 753 4728 et
774 4660 942 4727 solarium
963 4661 1168 4747 prescripta,
1191 4660 1332 4746 siquos
1352 4662 1509 4748 iecerint,
1532 4664 1611 4730 sine
1630 4662 1806 4729 dilacione
1822 4662 2068 4746 deliberabunt

564 4798 645 4865 aliis
674 4816 795 4864 eorum
828 4796 1088 4865 successoribus
1123 4797 1408 4882 procuratoribus
1443 4800 1489 4865 de
1525 4818 1620 4865 nouo
1654 4798 1778 4866 electis
1812 4798 1852 4864 in
1886 4798 2070 4883 presencia

564 4934 688 5002 vicarii
716 4934 811 5000 dicte
839 4932 985 4999 ecclesie
1014 4932 1076 5018 qui
1104 4953 1169 5020 pro
1197 4944 1357 5021 tempore
1384 4934 1500 5003 fuerit.
1544 4934 1605 5001 Ad
1633 4954 1703 5021 que
1738 4934 1860 5001 omnis
1895 4933 2070 5020 premissa

565 5073 657 5140 bene
686 5080 721 5138 et
755 5068 908 5137 fideliter
941 5070 1105 5151 tenenda,
1141 5072 1364 5139 obseruanda
1398 5081 1436 5138 et
1470 5072 1714 5157 perimplenda
1749 5070 1866 5137 dictus
1901 5070 2068 5137 dominus
