4975 6309
743 770 839 863 llbe
862 768 1000 860 little
1025 770 1123 862 που
1150 772 1278 863 ttoolt
1303 772 1353 863 ot
1382 771 1571 864 austu
1833 798 1907 869 227

403 983 450 1051 ad
477 985 629 1053 eundem
658 983 847 1053 terminum
874 982 982 1066 facta,
1010 986 1117 1053 simul
1147 1006 1227 1054 cum
1249 987 1424 1067 domibus,
1446 986 1580 1071 sinopis,
1600 984 1764 1074 octagiis,
1786 985 1907 1067 seldis,

401 1120 509 1201 tostis,
553 1120 726 1207 pardinis,
769 1119 993 1201 molendinis,
1032 1122 1205 1211 sangnis,
1239 1142 1344 1190 cursu
1386 1143 1478 1209 aque
1520 1124 1568 1189 ad
1603 1120 1807 1189 molendina
1843 1121 1911 1188 illa

400 1256 627 1336 deeunnntis,
649 1256 856 1338 redditibus,
879 1256 1083 1344 langabilis,
1112 1269 1149 1327 et
1177 1261 1351 1329 localibus
1385 1259 1587 1343 theoloniis,
1615 1258 1759 1344 placitis
1787 1256 1905 1340 Curie,

400 1391 507 1473 feriis,
536 1392 711 1473 mercatis,
739 1392 1006 1479 quibuscunque
1036 1393 1153 1464 Curiis
1180 1396 1219 1463 in
1247 1398 1382 1465 eisdem
1409 1396 1497 1463 villa
1532 1404 1570 1463 et
1604 1396 1795 1479 suburbiis,
1823 1415 1906 1464 cum

401 1526 613 1595 omnimodis
640 1526 782 1609 finibus,
811 1528 975 1609 exitibus,
1005 1532 1311 1619 redempcionibus
1339 1544 1375 1600 et
1400 1532 1684 1601 amerciamentis
1708 1532 1747 1598 in
1769 1532 1904 1600 eisdem

399 1661 597 1744 forisfactis,
626 1664 837 1750 adjudicatis
865 1672 902 1732 et
930 1665 1186 1751 adiudicandis,
1214 1678 1252 1737 et
1280 1669 1446 1737 omnibus
1482 1669 1564 1737 aliis
1596 1668 1903 1755 jurisdictionibus

399 1809 436 1869 et
469 1800 782 1869 consuetudinibus
809 1811 847 1868 et
873 1803 1102 1888 pertinenciis
1129 1804 1213 1872 ville
1249 1816 1286 1873 et
1321 1804 1577 1875 Suburbiomm
1612 1804 1786 1873 dimotum
1821 1825 1904 1872 cum

397 1937 634 2025 pertinenciis,
692 1958 845 2006 unacum
902 1939 1102 2008 reuersione
1158 1944 1316 2009 omnium
1373 1950 1556 2019 terrarum,
1611 1948 1902 2019 tenementorum,

395 2074 607 2155 reddituum,
636 2083 672 2142 et
700 2075 927 2143 seruiciorum
955 2075 1047 2143 infra
1073 2076 1295 2165 procinctum
1315 2075 1400 2141 ville
1420 2072 1578 2160 predicte
1598 2090 1897 2156 quommcumque

398 2212 598 2281 terrentium
644 2213 691 2280 ad
741 2212 928 2279 terminum
970 2213 1043 2280 vite
1085 2216 1143 2281 uel
1187 2232 1359 2280 annomm
1409 2229 1474 2297 per
1522 2228 1589 2277 nos
1638 2210 1696 2275 vel
1747 2208 1904 2294 aliquem

396 2350 660 2437 progenitorum
689 2358 888 2417 nostrorum
916 2350 1095 2435 quondam
1120 2350 1266 2437 Regum
1293 2347 1429 2435 Anglie
1453 2346 1511 2413 vel
1540 2345 1631 2413 alios
1660 2364 1900 2431 quoscumque

397 2504 642 2553 concessorum
655 2486 714 2552 vel
728 2485 1004 2565 commissorum,
1019 2485 1113 2551 vnde
1127 2483 1281 2551 reuersis
1295 2484 1342 2551 ad
1359 2474 1506 2570 precem
1527 2482 1631 2551 nobis
1652 2482 1823 2568 competit
1842 2482 1905 2549 vel

270 2610 273 2615 Α
395 2622 549 2708 pertinet
586 2630 649 2688 aut
692 2630 829 2708 spectet
871 2620 1114 2709 quouismodo‚
1156 2639 1309 2687 unacum
1347 2616 1461 2685 firmis
1502 2628 1539 2685 et
1576 2618 1773 2687 redditibus
1815 2617 1901 2684 inde

395 2758 595 2839 reseruatis,
617 2757 743 2828 Castro
765 2758 849 2826 ville
868 2758 1026 2846 predicte
1046 2766 1084 2826 et
1103 2752 1246 2823 fossatis
1267 2754 1425 2840 ejusdem
1446 2753 1694 2821 tantummodo
1718 2753 1899 2839 exceptis;

396 2913 500 2963 cursu
533 2904 655 2963 tamen
694 2913 786 2981 aque
821 2895 1038 2963 decurrentis
1074 2893 1113 2961 in
1147 2891 1316 2979 predictis
1347 2888 1491 2959 fossatis
1519 2910 1631 2977 usque
1660 2889 1906 2957 molendinum

395 3032 519 3101 subtus
547 3028 711 3101 Castrum
739 3032 832 3099 sicut
865 3050 913 3097 ex
948 3032 1095 3117 antiquo
1132 3028 1327 3107 consueuit,
1366 3046 1448 3094 cum
1485 3027 1574 3114 ripis
1611 3026 1774 3113 ejusdem
1810 3044 1906 3111 aque

393 3187 458 3255 per
497 3168 656 3254 specium
695 3177 846 3255 quatuor
883 3167 1015 3255 pedum
1055 3166 1093 3233 in
1133 3163 1322 3232 latitudine
1355 3181 1469 3249 usque
1507 3170 1663 3231 castrm
1691 3162 1900 3249 predictum,

393 3322 498 3391 quem
526 3302 673 3390 prefatis
699 3303 831 3390 Maiori
859 3312 896 3371 et
924 3302 1178 3373 Communitati
1202 3302 1429 3371 concedimus
1455 3322 1520 3387 per
1547 3310 1732 3388 presentes
1763 3300 1902 3368 eisdem

392 3436 522 3524 Majori
550 3446 586 3505 et
610 3438 864 3508 communitati
892 3440 1037 3509 omnino
1065 3438 1265 3509 reserastis.
1309 3438 1485 3506 Habenda
1512 3447 1549 3505 et
1577 3436 1734 3505 tenenda
1762 3436 1833 3503 sibi
1860 3445 1898 3502 et

393 3574 654 3644 successoribus
682 3576 808 3643 suisa
835 3576 926 3645 festo
955 3574 1080 3645 Sancti
1108 3576 1297 3643 Michaelis
1330 3572 1551 3661 Archangeli
1586 3573 1748 3660 proxime
1781 3572 1904 3639 sunno

392 3730 504 3797 usque
532 3710 713 3780 adfinem
742 3712 873 3801 viginti
902 3732 1075 3780 annorum
1104 3722 1234 3780 extunc
1255 3712 1417 3798 proxime
1438 3710 1663 3797 sequentium
1685 3720 1722 3777 et
1741 3710 1906 3797 plenarie

393 3846 656 3934 completorum.
707 3846 757 3915 Et
791 3848 939 3915 ulterius
974 3850 1212 3916 concessimus
1247 3849 1381 3915 eisdem
1417 3846 1547 3933 Maiori
1580 3856 1617 3915 et
1646 3844 1905 3915 communitati

390 3984 485 4071 quod
513 3984 583 4071 ipsi
610 3986 768 4052 habeant
796 3984 866 4053 sibi
893 3994 931 4053 et
958 3986 1218 4055 successoribus
1241 3985 1392 4053 durante
1418 3985 1570 4052 termino
1597 3983 1755 4070 predicto
1776 3983 1904 4050 omnia

390 4120 491 4203 fines,
537 4120 801 4209 redempciones
842 4130 880 4188 et
922 4122 1195 4192 amerciamenta
1239 4134 1315 4192 tam
1358 4123 1518 4192 omnium
1559 4122 1744 4190 hominum
1786 4140 1899 4213 quem

391 4257 548 4324 omnium
599 4255 809 4338 tenentium,
860 4258 999 4347 integre
1044 4261 1244 4329 tenencium
1295 4270 1333 4329 et
1382 4278 1455 4327 non
1498 4258 1637 4346 integre
1681 4258 1899 4336 tenencium,

390 4393 624 4461 residentium
652 4403 689 4460 et
712 4412 785 4461 non
813 4394 1057 4477 residentium,
1087 4396 1124 4463 in
1160 4408 1197 4465 et
1232 4397 1278 4463 de
1313 4396 1437 4477 leoffis,
1473 4392 1577 4462 terris
1611 4401 1648 4461 et
1682 4393 1900 4461 tmementis

390 4548 471 4597 oum
499 4530 575 4598 suis
601 4530 840 4617 pertinenciis,
870 4550 912 4597 ac
940 4532 1093 4619 singulis
1121 4534 1209 4601 locis
1238 4534 1331 4603 infra
1359 4533 1579 4622 procinctum
1615 4532 1774 4618 ejusdem
1810 4531 1901 4599 ville·

389 4666 570 4735 Bristollie
612 4677 649 4735 et
691 4667 860 4735 suburbia
896 4668 1054 4755 ejusdem
1092 4690 1135 4737 ac
1172 4672 1379 4739 comitatum
1423 4670 1606 4739 Bristollie
1645 4666 1893 4750 existentibus,

383 4802 493 4871 'dictis
529 4802 654 4871 Castro
690 4813 726 4872 et
760 4803 904 4872 fossatis
935 4806 1105 4893 exceptis,
1141 4826 1280 4877 necnon
1317 4806 1435 4874 exitus
1466 4804 1667 4875 ffisfectos
1700 4812 1738 4871 et
1772 4802 1900 4871 omnia

387 4960 457 5027 que
485 4940 531 5007 ad
560 4960 626 5009 nos
654 4950 690 5009 et
718 4942 865 5011 heredes
892 4952 1043 5024 nostros,
1072 4944 1222 5013 durante
1249 4944 1403 5012 termino
1429 4941 1601 5029 predicto,
1630 4939 1723 5009 inira
1758 4940 1893 5008 dictam

386 5078 508 5147 villam
536 5077 695 5147 Bristoll.
723 5088 761 5147 et
787 5077 1011 5167 procinctum
1034 5082 1192 5169 ejusdem
1219 5080 1395 5169 pertinere
1429 5080 1586 5167 poterint
1620 5079 1666 5146 de
1696 5096 1802 5158 anno,
1830 5074 1893 5143 die
