<?xml version="1.0" encoding="UTF-8"?>
<!DOCTYPE html PUBLIC "-//W3C//DTD XHTML 1.0 Transitional//EN"
    "http://www.w3.org/TR/xhtml1/DTD/xhtml1-transitional.dtd">
<html xmlns="http://www.w3.org/1999/xhtml" xml:lang="en" lang="en">
 <head>
  <title>
</title>
<meta http-equiv="Content-Type" content="text/html;charset=utf-8" />
  <meta name='ocr-system' content='tesseract 3.04.00' />
  <meta name='ocr-capabilities' content='ocr_page ocr_carea ocr_par ocr_line ocrx_word'/>
</head>
<body>
  <div class='ocr_page' id='page_1' title='image "./littleredbookbr00coungoog/littleredbookbr00coungoog_0139.png"; bbox 0 0 4975 6309; ppageno 0'>
   <div class='ocr_carea' id='block_1_1' title="bbox 774 771 1939 878">
    <p class='ocr_par' dir='ltr' id='par_1_1' title="bbox 774 771 1939 878">
     <span class='ocr_line' id='line_1_1' title="bbox 774 771 1939 878; baseline 0.01 -14"><span class='ocrx_word' id='word_1_1' title='bbox 774 773 873 864; x_wconf 76' lang='lat' dir='ltr'><strong>libe</strong></span> <span class='ocrx_word' id='word_1_2' title='bbox 895 773 1157 864; x_wconf 75' lang='lat' dir='ltr'><strong>litttetlco</strong></span> <span class='ocrx_word' id='word_1_3' title='bbox 1181 771 1311 863; x_wconf 65' lang='lat' dir='ltr'><strong>boot</strong></span> <span class='ocrx_word' id='word_1_4' title='bbox 1335 775 1386 865; x_wconf 82' lang='lat' dir='ltr'><strong>ot</strong></span> <span class='ocrx_word' id='word_1_5' title='bbox 1416 775 1603 868; x_wconf 70' lang='lat' dir='ltr'><strong>bristol</strong></span> <span class='ocrx_word' id='word_1_6' title='bbox 1892 803 1939 878; x_wconf 83' lang='lat'><strong>77</strong></span> 
     </span>
    </p>
   </div>
   <div class='ocr_carea' id='block_1_2' title="bbox 434 985 1944 1741">
    <p class='ocr_par' dir='ltr' id='par_1_2' title="bbox 434 985 1944 1741">
     <span class='ocr_line' id='line_1_2' title="bbox 434 985 1942 1090; baseline 0.007 -41"><span class='ocrx_word' id='word_1_7' title='bbox 434 985 504 1050; x_wconf 87' lang='lat' dir='ltr'><strong>hoc</strong></span> <span class='ocrx_word' id='word_1_8' title='bbox 527 994 673 1072; x_wconf 64' lang='lat' dir='ltr'><strong>petron</strong></span> <span class='ocrx_word' id='word_1_9' title='bbox 695 995 733 1053; x_wconf 86' lang='lat' dir='ltr'><strong>et</strong></span> <span class='ocrx_word' id='word_1_10' title='bbox 756 987 913 1055; x_wconf 75' lang='lat' dir='ltr'><strong>habeant</strong></span> <span class='ocrx_word' id='word_1_11' title='bbox 939 989 985 1056; x_wconf 83' lang='lat' dir='ltr'><strong>de</strong></span> <span class='ocrx_word' id='word_1_12' title='bbox 1012 987 1147 1056; x_wconf 66' lang='lat' dir='ltr'><strong>medem</strong></span> <span class='ocrx_word' id='word_1_13' title='bbox 1171 1005 1312 1090; x_wconf 86' lang='lat' dir='ltr'><strong>semper</strong></span> <span class='ocrx_word' id='word_1_14' title='bbox 1338 1007 1404 1074; x_wconf 88' lang='lat' dir='ltr'><strong>pro</strong></span> <span class='ocrx_word' id='word_1_15' title='bbox 1432 1009 1459 1055; x_wconf 87' lang='lat' dir='ltr'>x</span> <span class='ocrx_word' id='word_1_16' title='bbox 1486 989 1591 1056; x_wconf 88' lang='lat' dir='ltr'><strong>lineis</strong></span> <span class='ocrx_word' id='word_1_17' title='bbox 1612 1010 1721 1058; x_wconf 87' lang='lat' dir='ltr'><strong>vnum</strong></span> <span class='ocrx_word' id='word_1_18' title='bbox 1746 991 1942 1061; x_wconf 80' lang='lat' dir='ltr'><strong>denarium.</strong></span> 
     </span>
     <span class='ocr_line' id='line_1_3' title="bbox 435 1120 1944 1216; baseline 0.005 -28"><span class='ocrx_word' id='word_1_19' title='bbox 435 1120 484 1188; x_wconf 86' lang='lat' dir='ltr'><strong>Et</strong></span> <span class='ocrx_word' id='word_1_20' title='bbox 513 1121 596 1189; x_wconf 85' lang='lat' dir='ltr'><strong>lioet</strong></span> <span class='ocrx_word' id='word_1_21' title='bbox 623 1120 714 1190; x_wconf 82' lang='lat' dir='ltr'><strong>forte</strong></span> <span class='ocrx_word' id='word_1_22' title='bbox 752 1123 871 1190; x_wconf 87' lang='lat' dir='ltr'><strong>minus</strong></span> <span class='ocrx_word' id='word_1_23' title='bbox 910 1124 1091 1192; x_wconf 89' lang='lat' dir='ltr'><strong>contineat</strong></span> <span class='ocrx_word' id='word_1_24' title='bbox 1125 1123 1259 1190; x_wconf 82' lang='lat' dir='ltr'><strong>habeat</strong></span> <span class='ocrx_word' id='word_1_25' title='bbox 1298 1145 1406 1190; x_wconf 89' lang='lat' dir='ltr'><strong>vnum</strong></span> <span class='ocrx_word' id='word_1_26' title='bbox 1444 1126 1640 1194; x_wconf 86' lang='lat' dir='ltr'><strong>denarium.</strong></span> <span class='ocrx_word' id='word_1_27' title='bbox 1694 1124 1743 1193; x_wconf 89' lang='lat' dir='ltr'><strong>Et</strong></span> <span class='ocrx_word' id='word_1_28' title='bbox 1783 1125 1944 1216; x_wconf 70' lang='lat' dir='ltr'><strong>signetur</strong></span> 
     </span>
     <span class='ocr_line' id='line_1_4' title="bbox 435 1263 1944 1351; baseline 0.001 -21"><span class='ocrx_word' id='word_1_29' title='bbox 435 1264 507 1330; x_wconf 81' lang='lat' dir='ltr'><strong>tels</strong></span> <span class='ocrx_word' id='word_1_30' title='bbox 532 1264 784 1350; x_wconf 82' lang='lat' dir='ltr'><strong>transcriptum</strong></span> <span class='ocrx_word' id='word_1_31' title='bbox 812 1284 893 1332; x_wconf 86' lang='lat' dir='ltr'><strong>cum</strong></span> <span class='ocrx_word' id='word_1_32' title='bbox 921 1286 993 1334; x_wconf 85' lang='lat' dir='ltr'><strong>vno</strong></span> <span class='ocrx_word' id='word_1_33' title='bbox 1021 1273 1117 1332; x_wconf 86' lang='lat' dir='ltr'><strong>certo</strong></span> <span class='ocrx_word' id='word_1_34' title='bbox 1145 1276 1182 1332; x_wconf 86' lang='lat' dir='ltr'><strong>et</strong></span> <span class='ocrx_word' id='word_1_35' title='bbox 1210 1263 1356 1351; x_wconf 76' lang='lat' dir='ltr'><strong>cognito</strong></span> <span class='ocrx_word' id='word_1_36' title='bbox 1393 1263 1499 1350; x_wconf 77' lang='lat' dir='ltr'><strong>signo</strong></span> <span class='ocrx_word' id='word_1_37' title='bbox 1538 1263 1651 1348; x_wconf 87' lang='lat' dir='ltr'><strong>ipsius</strong></span> <span class='ocrx_word' id='word_1_38' title='bbox 1690 1263 1809 1332; x_wconf 86' lang='lat' dir='ltr'><strong>clerici</strong></span> <span class='ocrx_word' id='word_1_39' title='bbox 1847 1265 1944 1351; x_wconf 87' lang='lat' dir='ltr'><strong>quod</strong></span> 
     </span>
     <span class='ocr_line' id='line_1_5' title="bbox 435 1398 1944 1488; baseline 0.003 -22"><span class='ocrx_word' id='word_1_40' title='bbox 435 1398 577 1484; x_wconf 80' lang='lat' dir='ltr'><strong>signum</strong></span> <span class='ocrx_word' id='word_1_41' title='bbox 606 1419 788 1486; x_wconf 86' lang='lat' dir='ltr'><strong>nunquam</strong></span> <span class='ocrx_word' id='word_1_42' title='bbox 818 1401 1020 1470; x_wconf 82' lang='lat' dir='ltr'><strong>mutabitur.</strong></span> <span class='ocrx_word' id='word_1_43' title='bbox 1064 1400 1113 1468; x_wconf 86' lang='lat' dir='ltr'><strong>Et</strong></span> <span class='ocrx_word' id='word_1_44' title='bbox 1141 1401 1318 1468; x_wconf 83' lang='lat' dir='ltr'><strong>inseretur</strong></span> <span class='ocrx_word' id='word_1_45' title='bbox 1353 1419 1482 1466; x_wconf 87' lang='lat' dir='ltr'><strong>nomen</strong></span> <span class='ocrx_word' id='word_1_46' title='bbox 1517 1407 1553 1466; x_wconf 89' lang='lat' dir='ltr'><strong>et</strong></span> <span class='ocrx_word' id='word_1_47' title='bbox 1593 1419 1792 1487; x_wconf 79' lang='lat' dir='ltr'><strong>cognomen</strong></span> <span class='ocrx_word' id='word_1_48' title='bbox 1830 1400 1944 1488; x_wconf 80' lang='lat' dir='ltr'><strong>ipsius</strong></span> 
     </span>
     <span class='ocr_line' id='line_1_6' title="bbox 435 1535 1943 1628; baseline 0.001 -24"><span class='ocrx_word' id='word_1_49' title='bbox 435 1537 553 1604; x_wconf 86' lang='lat' dir='ltr'><strong>clerici</strong></span> <span class='ocrx_word' id='word_1_50' title='bbox 578 1557 729 1606; x_wconf 75' lang='lat' dir='ltr'><strong>unacum</strong></span> <span class='ocrx_word' id='word_1_51' title='bbox 758 1539 854 1608; x_wconf 88' lang='lat' dir='ltr'><strong>dicto</strong></span> <span class='ocrx_word' id='word_1_52' title='bbox 889 1540 995 1628; x_wconf 74' lang='lat' dir='ltr'><strong>signo</strong></span> <span class='ocrx_word' id='word_1_53' title='bbox 1032 1559 1098 1607; x_wconf 92' lang='lat' dir='ltr'><strong>suo</strong></span> <span class='ocrx_word' id='word_1_54' title='bbox 1135 1538 1174 1605; x_wconf 90' lang='lat' dir='ltr'><strong>in</strong></span> <span class='ocrx_word' id='word_1_55' title='bbox 1210 1538 1336 1605; x_wconf 86' lang='lat' dir='ltr'><strong>eodem</strong></span> <span class='ocrx_word' id='word_1_56' title='bbox 1376 1535 1588 1622; x_wconf 82' lang='lat' dir='ltr'><strong>transcripto</strong></span> <span class='ocrx_word' id='word_1_57' title='bbox 1626 1537 1678 1603; x_wconf 87' lang='lat' dir='ltr'><strong>ita</strong></span> <span class='ocrx_word' id='word_1_58' title='bbox 1714 1537 1811 1622; x_wconf 88' lang='lat' dir='ltr'><strong>quod</strong></span> <span class='ocrx_word' id='word_1_59' title='bbox 1852 1538 1943 1606; x_wconf 85' lang='lat' dir='ltr'><strong>allas</strong></span> 
     </span>
     <span class='ocr_line' id='line_1_7' title="bbox 434 1670 1244 1741; baseline 0.001 -5"><span class='ocrx_word' id='word_1_60' title='bbox 434 1670 637 1739; x_wconf 86' lang='lat' dir='ltr'><strong>huiusmodi</strong></span> <span class='ocrx_word' id='word_1_61' title='bbox 664 1673 832 1740; x_wconf 82' lang='lat' dir='ltr'><strong>liberacio</strong></span> <span class='ocrx_word' id='word_1_62' title='bbox 861 1693 935 1741; x_wconf 88' lang='lat' dir='ltr'><strong>non</strong></span> <span class='ocrx_word' id='word_1_63' title='bbox 962 1673 1082 1741; x_wconf 85' lang='lat' dir='ltr'><strong>valeat</strong></span> <span class='ocrx_word' id='word_1_64' title='bbox 1118 1672 1244 1741; x_wconf 84' lang='lat' dir='ltr'><strong>dedici.</strong></span> 
     </span>
    </p>
   </div>
   <div class='ocr_carea' id='block_1_3' title="bbox 434 1930 1953 2165">
    <p class='ocr_par' dir='ltr' id='par_1_3' title="bbox 434 1930 1953 2165">
     <span class='ocr_line' id='line_1_8' title="bbox 434 1930 1953 2014; baseline 0.004 -6"><span class='ocrx_word' id='word_1_65' title='bbox 434 1930 521 2008; x_wconf 90' lang='lat' dir='ltr'><strong>DE</strong></span> <span class='ocrx_word' id='word_1_66' title='bbox 579 1931 827 2010; x_wconf 87' lang='lat' dir='ltr'><em>SIGILLIS</em></span> <span class='ocrx_word' id='word_1_67' title='bbox 884 1932 1199 2012; x_wconf 83' lang='lat' dir='ltr'><em>FERIARUM</em></span> <span class='ocrx_word' id='word_1_68' title='bbox 1252 1933 1340 2010; x_wconf 88' lang='lat' dir='ltr'><strong>ET</strong></span> <span class='ocrx_word' id='word_1_69' title='bbox 1392 1933 1595 2011; x_wconf 82' lang='lat' dir='ltr'><em>MERCA</em></span> <span class='ocrx_word' id='word_1_70' title='bbox 1604 1935 1644 2010; x_wconf 87' lang='lat' dir='ltr'><em>T</em></span> <span class='ocrx_word' id='word_1_71' title='bbox 1639 1932 1808 2013; x_wconf 87' lang='lat' dir='ltr'><em>ORUM</em></span> <span class='ocrx_word' id='word_1_72' title='bbox 1864 1935 1907 2012; x_wconf 88' lang='lat' dir='ltr'><em>E</em></span> <span class='ocrx_word' id='word_1_73' title='bbox 1913 1935 1953 2014; x_wconf 89' lang='grc' dir='ltr'><em>Τ</em></span> 
     </span>
     <span class='ocr_line' id='line_1_9' title="bbox 902 2085 1465 2165; baseline 0 -3"><span class='ocrx_word' id='word_1_74' title='bbox 902 2085 1117 2165; x_wconf 85' lang='lat' dir='ltr'><em>EORUM</em></span> <span class='ocrx_word' id='word_1_75' title='bbox 1163 2085 1197 2163; x_wconf 85' lang='lat' dir='ltr'><em>C</em></span> <span class='ocrx_word' id='word_1_76' title='bbox 1198 2085 1268 2165; x_wconf 84' lang='lat' dir='ltr'><strong>US</strong></span> <span class='ocrx_word' id='word_1_77' title='bbox 1271 2085 1465 2164; x_wconf 85' lang='lat' dir='ltr'><em>TODIIS.</em></span> 
     </span>
    </p>
   </div>
   <div class='ocr_carea' id='block_1_4' title="bbox 429 2229 1943 3144">
    <p class='ocr_par' dir='ltr' id='par_1_4' title="bbox 429 2229 1943 3144">
     <span class='ocr_line' id='line_1_10' title="bbox 564 2229 1943 2334; baseline 0.004 -35"><span class='ocrx_word' id='word_1_78' title='bbox 564 2229 746 2334; x_wconf 74' lang='lat' dir='ltr'><strong>Statutum</strong></span> <span class='ocrx_word' id='word_1_79' title='bbox 783 2243 840 2301; x_wconf 89' lang='lat' dir='ltr'><strong>est</strong></span> <span class='ocrx_word' id='word_1_80' title='bbox 881 2235 977 2320; x_wconf 87' lang='lat' dir='ltr'><strong>quod</strong></span> <span class='ocrx_word' id='word_1_81' title='bbox 1019 2254 1125 2304; x_wconf 86' lang='lat' dir='ltr'><strong>omne</strong></span> <span class='ocrx_word' id='word_1_82' title='bbox 1175 2244 1368 2302; x_wconf 84' lang='lat' dir='ltr'><strong>mercatum</strong></span> <span class='ocrx_word' id='word_1_83' title='bbox 1418 2235 1550 2302; x_wconf 82' lang='lat' dir='ltr'><strong>habeat</strong></span> <span class='ocrx_word' id='word_1_84' title='bbox 1599 2255 1708 2302; x_wconf 88' lang='lat' dir='ltr'><strong>vnum</strong></span> <span class='ocrx_word' id='word_1_85' title='bbox 1758 2255 1943 2304; x_wconf 84' lang='lat' dir='ltr'><strong>commuue</strong></span> 
     </span>
     <span class='ocr_line' id='line_1_11' title="bbox 434 2368 1942 2462; baseline 0.003 -27"><span class='ocrx_word' id='word_1_86' title='bbox 434 2368 591 2456; x_wconf 77' lang='lat' dir='ltr'><strong>sigillum</strong></span> <span class='ocrx_word' id='word_1_87' title='bbox 630 2379 668 2438; x_wconf 89' lang='lat' dir='ltr'><strong>et</strong></span> <span class='ocrx_word' id='word_1_88' title='bbox 710 2370 805 2456; x_wconf 82' lang='lat' dir='ltr'><strong>quod</strong></span> <span class='ocrx_word' id='word_1_89' title='bbox 848 2373 942 2440; x_wconf 88' lang='lat' dir='ltr'><strong>idem</strong></span> <span class='ocrx_word' id='word_1_90' title='bbox 986 2373 1146 2462; x_wconf 73' lang='lat' dir='ltr'><strong>sigillum</strong></span> <span class='ocrx_word' id='word_1_91' title='bbox 1189 2372 1333 2441; x_wconf 86' lang='lat' dir='ltr'><strong>domino</strong></span> <span class='ocrx_word' id='word_1_92' title='bbox 1373 2374 1430 2440; x_wconf 86' lang='lat' dir='ltr'><strong>vel</strong></span> <span class='ocrx_word' id='word_1_93' title='bbox 1473 2374 1670 2440; x_wconf 74' lang='lat' dir='ltr'><strong>senescallo</strong></span> <span class='ocrx_word' id='word_1_94' title='bbox 1708 2382 1746 2442; x_wconf 85' lang='lat' dir='ltr'><strong>et</strong></span> <span class='ocrx_word' id='word_1_95' title='bbox 1790 2382 1942 2459; x_wconf 87' lang='lat' dir='ltr'><strong>quatuor</strong></span> 
     </span>
     <span class='ocr_line' id='line_1_12' title="bbox 433 2503 1940 2589; baseline 0.004 -17"><span class='ocrx_word' id='word_1_96' title='bbox 433 2503 555 2589; x_wconf 86' lang='lat' dir='ltr'><strong>probis</strong></span> <span class='ocrx_word' id='word_1_97' title='bbox 601 2503 766 2574; x_wconf 75' lang='lat' dir='ltr'><strong>fidelibus</strong></span> <span class='ocrx_word' id='word_1_98' title='bbox 812 2516 850 2575; x_wconf 86' lang='lat' dir='ltr'><strong>et</strong></span> <span class='ocrx_word' id='word_1_99' title='bbox 898 2507 1153 2576; x_wconf 87' lang='lat' dir='ltr'><strong>sufficientibus</strong></span> <span class='ocrx_word' id='word_1_100' title='bbox 1194 2510 1241 2577; x_wconf 84' lang='lat' dir='ltr'><strong>(le</strong></span> <span class='ocrx_word' id='word_1_101' title='bbox 1281 2511 1425 2577; x_wconf 84' lang='lat' dir='ltr'><strong>eodem</strong></span> <span class='ocrx_word' id='word_1_102' title='bbox 1454 2519 1610 2578; x_wconf 74' lang='lat' dir='ltr'><strong>mercato</strong></span> <span class='ocrx_word' id='word_1_103' title='bbox 1656 2518 1694 2578; x_wconf 88' lang='lat' dir='ltr'><strong>et</strong></span> <span class='ocrx_word' id='word_1_104' title='bbox 1737 2510 1775 2576; x_wconf 90' lang='lat' dir='ltr'><strong>ln</strong></span> <span class='ocrx_word' id='word_1_105' title='bbox 1812 2510 1940 2578; x_wconf 75' lang='grc' dir='ltr'><strong>ωᾶοω</strong></span> 
     </span>
     <span class='ocr_line' id='line_1_13' title="bbox 431 2640 1941 2734; baseline 0.005 -28"><span class='ocrx_word' id='word_1_106' title='bbox 431 2651 587 2710; x_wconf 71' lang='lat' dir='ltr'><strong>mercato</strong></span> <span class='ocrx_word' id='word_1_107' title='bbox 621 2640 773 2711; x_wconf 78' lang='lat' dir='ltr'><strong>fsoffatis</strong></span> <span class='ocrx_word' id='word_1_108' title='bbox 814 2645 977 2712; x_wconf 67' lang='lat' dir='ltr'><strong>uadatus·</strong></span> <span class='ocrx_word' id='word_1_109' title='bbox 1012 2646 1292 2728; x_wconf 84' lang='lat' dir='ltr'><strong>custodiendum,</strong></span> <span class='ocrx_word' id='word_1_110' title='bbox 1321 2647 1379 2714; x_wconf 84' lang='lat' dir='ltr'><strong>vel</strong></span> <span class='ocrx_word' id='word_1_111' title='bbox 1418 2647 1578 2734; x_wconf 86' lang='lat' dir='ltr'><strong>pluribus</strong></span> <span class='ocrx_word' id='word_1_112' title='bbox 1619 2649 1677 2715; x_wconf 86' lang='lat' dir='ltr'><strong>vel</strong></span> <span class='ocrx_word' id='word_1_113' title='bbox 1715 2646 1941 2733; x_wconf 71' lang='lat' dir='ltr'>paucioribus</span> 
     </span>
     <span class='ocr_line' id='line_1_14' title="bbox 429 2777 1941 2864; baseline 0.005 -21"><span class='ocrx_word' id='word_1_114' title='bbox 429 2777 522 2844; x_wconf 77' lang='lat' dir='ltr'><strong>sictut</strong></span> <span class='ocrx_word' id='word_1_115' title='bbox 561 2777 720 2848; x_wconf 83' lang='lat' dir='ltr'><strong>eiusdem</strong></span> <span class='ocrx_word' id='word_1_116' title='bbox 756 2783 904 2850; x_wconf 83' lang='lat' dir='ltr'><strong>mercati</strong></span> <span class='ocrx_word' id='word_1_117' title='bbox 951 2783 1187 2850; x_wconf 78' lang='lat' dir='ltr'><strong>communitas</strong></span> <span class='ocrx_word' id='word_1_118' title='bbox 1227 2783 1456 2864; x_wconf 77' lang='lat' dir='ltr'><strong>consenserit,</strong></span> <span class='ocrx_word' id='word_1_119' title='bbox 1507 2794 1544 2850; x_wconf 85' lang='lat' dir='ltr'><strong>et</strong></span> <span class='ocrx_word' id='word_1_120' title='bbox 1591 2781 1809 2850; x_wconf 71' lang='lat' dir='ltr'><strong>custodiam</strong></span> <span class='ocrx_word' id='word_1_121' title='bbox 1851 2782 1941 2850; x_wconf 86' lang='lat' dir='ltr'><strong>illud</strong></span> 
     </span>
     <span class='ocr_line' id='line_1_15' title="bbox 431 2913 1940 3008; baseline 0.006 -29"><span class='ocrx_word' id='word_1_122' title='bbox 431 2913 588 3001; x_wconf 73' lang='lat' dir='ltr'><strong>sigillum</strong></span> <span class='ocrx_word' id='word_1_123' title='bbox 622 2915 661 2982; x_wconf 90' lang='lat' dir='ltr'><strong>in</strong></span> <span class='ocrx_word' id='word_1_124' title='bbox 694 2917 845 2984; x_wconf 72' lang='lat' dir='ltr'><strong>oeclesin</strong></span> <span class='ocrx_word' id='word_1_125' title='bbox 880 2937 946 2986; x_wconf 86' lang='lat' dir='ltr'><strong>sua</strong></span> <span class='ocrx_word' id='word_1_126' title='bbox 985 2919 1043 2986; x_wconf 85' lang='lat' dir='ltr'><strong>vel</strong></span> <span class='ocrx_word' id='word_1_127' title='bbox 1077 2921 1116 2987; x_wconf 89' lang='lat' dir='ltr'><strong>in</strong></span> <span class='ocrx_word' id='word_1_128' title='bbox 1156 2919 1228 2986; x_wconf 86' lang='lat' dir='ltr'><strong>alio</strong></span> <span class='ocrx_word' id='word_1_129' title='bbox 1268 2928 1346 2987; x_wconf 90' lang='lat' dir='ltr'><strong>tuto</strong></span> <span class='ocrx_word' id='word_1_130' title='bbox 1381 2921 1461 2989; x_wconf 92' lang='lat' dir='ltr'><strong>loco</strong></span> <span class='ocrx_word' id='word_1_131' title='bbox 1492 2921 1553 2989; x_wconf 84' lang='lat' dir='ltr'><strong>vbi</strong></span> <span class='ocrx_word' id='word_1_132' title='bbox 1590 2921 1672 3008; x_wconf 84' lang='lat' dir='ltr'><strong>ipsa</strong></span> <span class='ocrx_word' id='word_1_133' title='bbox 1705 2919 1940 2989; x_wconf 64' lang='lat' dir='ltr'><strong>communitas</strong></span> 
     </span>
     <span class='ocr_line' id='line_1_16' title="bbox 430 3052 1935 3144; baseline 0.004 -26"><span class='ocrx_word' id='word_1_134' title='bbox 430 3052 572 3119; x_wconf 77' lang='lat' dir='ltr'><strong>duxerit</strong></span> <span class='ocrx_word' id='word_1_135' title='bbox 599 3053 845 3137; x_wconf 85' lang='lat' dir='ltr'><strong>ordinandum,</strong></span> <span class='ocrx_word' id='word_1_136' title='bbox 871 3055 924 3123; x_wconf 86' lang='lat' dir='ltr'><strong>ite</strong></span> <span class='ocrx_word' id='word_1_137' title='bbox 951 3059 1047 3142; x_wconf 85' lang='lat' dir='ltr'><strong>quod</strong></span> <span class='ocrx_word' id='word_1_138' title='bbox 1072 3075 1212 3143; x_wconf 82' lang='lat' dir='ltr'><strong>semper</strong></span> <span class='ocrx_word' id='word_1_139' title='bbox 1240 3055 1289 3124; x_wconf 90' lang='lat' dir='ltr'><strong>sit</strong></span> <span class='ocrx_word' id='word_1_140' title='bbox 1325 3057 1392 3124; x_wconf 89' lang='lat' dir='ltr'><strong>sub</strong></span> <span class='ocrx_word' id='word_1_141' title='bbox 1431 3057 1581 3144; x_wconf 88' lang='lat' dir='ltr'><strong>priuatis</strong></span> <span class='ocrx_word' id='word_1_142' title='bbox 1621 3057 1751 3144; x_wconf 68' lang='lat' dir='ltr'><strong>siglllis</strong></span> <span class='ocrx_word' id='word_1_143' title='bbox 1785 3057 1935 3125; x_wconf 88' lang='lat' dir='ltr'><strong>duorum</strong></span> 
     </span>
    </p>
   </div>
   <div class='ocr_carea' id='block_1_5' title="bbox 429 3174 1938 3280">
    <p class='ocr_par' dir='ltr' id='par_1_5' title="bbox 429 3174 1938 3280">
     <span class='ocr_line' id='line_1_17' title="bbox 429 3174 1938 3280; baseline 0.002 -25"><span class='ocrx_word' id='word_1_144' title='bbox 429 3191 487 3256; x_wconf 87' lang='lat' dir='ltr'><strong>vel</strong></span> <span class='ocrx_word' id='word_1_145' title='bbox 515 3192 623 3258; x_wconf 83' lang='lat' dir='ltr'><strong>trium</strong></span> <span class='ocrx_word' id='word_1_146' title='bbox 652 3174 816 3260; x_wconf 58' lang='lat' dir='ltr'><strong>eliomm&#39;</strong></span> <span class='ocrx_word' id='word_1_147' title='bbox 831 3213 939 3280; x_wconf 89' lang='lat' dir='ltr'><strong>quam</strong></span> <span class='ocrx_word' id='word_1_148' title='bbox 968 3195 1125 3280; x_wconf 85' lang='lat' dir='ltr'><strong>ipsorum</strong></span> <span class='ocrx_word' id='word_1_149' title='bbox 1153 3196 1215 3280; x_wconf 90' lang='lat' dir='ltr'><strong>qui</strong></span> <span class='ocrx_word' id='word_1_150' title='bbox 1242 3195 1379 3262; x_wconf 84' lang='lat' dir='ltr'><strong>habent</strong></span> <span class='ocrx_word' id='word_1_151' title='bbox 1408 3195 1527 3261; x_wconf 85' lang='lat' dir='ltr'><strong>claues</strong></span> <span class='ocrx_word' id='word_1_152' title='bbox 1555 3191 1654 3261; x_wconf 83' lang='lat' dir='ltr'><strong>coffri</strong></span> <span class='ocrx_word' id='word_1_153' title='bbox 1682 3193 1739 3261; x_wconf 86' lang='lat' dir='ltr'><strong>vel</strong></span> <span class='ocrx_word' id='word_1_154' title='bbox 1775 3193 1864 3260; x_wconf 87' lang='lat' dir='ltr'><strong>ciste</strong></span> <span class='ocrx_word' id='word_1_155' title='bbox 1901 3193 1938 3258; x_wconf 89' lang='lat' dir='ltr'><strong>ln</strong></span> 
     </span>
    </p>
   </div>
   <div class='ocr_carea' id='block_1_6' title="bbox 427 3328 1939 4236">
    <p class='ocr_par' dir='ltr' id='par_1_6' title="bbox 427 3328 1939 4236">
     <span class='ocr_line' id='line_1_18' title="bbox 430 3328 1939 3418; baseline 0.002 -25"><span class='ocrx_word' id='word_1_156' title='bbox 430 3347 500 3413; x_wconf 90' lang='lat' dir='ltr'><strong>quo</strong></span> <span class='ocrx_word' id='word_1_157' title='bbox 527 3328 585 3395; x_wconf 84' lang='lat' dir='ltr'><strong>vel</strong></span> <span class='ocrx_word' id='word_1_158' title='bbox 614 3349 686 3414; x_wconf 89' lang='lat' dir='ltr'><strong>qua</strong></span> <span class='ocrx_word' id='word_1_159' title='bbox 713 3331 907 3416; x_wconf 85' lang='lat' dir='ltr'><strong>repositum</strong></span> <span class='ocrx_word' id='word_1_160' title='bbox 934 3341 1000 3399; x_wconf 86' lang='lat' dir='ltr'><strong>est.</strong></span> <span class='ocrx_word' id='word_1_161' title='bbox 1044 3331 1093 3398; x_wconf 88' lang='lat' dir='ltr'><strong>Et</strong></span> <span class='ocrx_word' id='word_1_162' title='bbox 1119 3333 1225 3400; x_wconf 82' lang='lat' dir='ltr'><strong>debet</strong></span> <span class='ocrx_word' id='word_1_163' title='bbox 1250 3333 1464 3418; x_wconf 87' lang='lat' dir='ltr'><strong>impressure</strong></span> <span class='ocrx_word' id='word_1_164' title='bbox 1489 3329 1690 3398; x_wconf 86' lang='lat' dir='ltr'><strong>huiusmodi</strong></span> <span class='ocrx_word' id='word_1_165' title='bbox 1719 3329 1830 3418; x_wconf 80' lang='lat' dir='ltr'><strong>sigilli</strong></span> <span class='ocrx_word' id='word_1_166' title='bbox 1854 3330 1939 3396; x_wconf 84' lang='lat' dir='ltr'><strong>talis</strong></span> 
     </span>
     <span class='ocr_line' id='line_1_19' title="bbox 429 3465 1937 3552; baseline 0 -20"><span class='ocrx_word' id='word_1_167' title='bbox 429 3483 508 3532; x_wconf 81' lang='lat' dir='ltr'><strong>esso</strong></span> <span class='ocrx_word' id='word_1_168' title='bbox 530 3465 563 3531; x_wconf 88' lang='lat' dir='ltr'><strong>si</strong></span> <span class='ocrx_word' id='word_1_169' title='bbox 590 3485 657 3551; x_wconf 87' lang='lat' dir='ltr'><strong>pro</strong></span> <span class='ocrx_word' id='word_1_170' title='bbox 685 3467 830 3534; x_wconf 87' lang='lat' dir='ltr'><strong>ciuitate</strong></span> <span class='ocrx_word' id='word_1_171' title='bbox 858 3468 991 3535; x_wconf 83' lang='lat' dir='ltr'><strong>situel</strong></span> <span class='ocrx_word' id='word_1_172' title='bbox 1019 3469 1104 3536; x_wconf 82' lang='lat' dir='ltr'><strong>talis</strong></span> <span class='ocrx_word' id='word_1_173' title='bbox 1132 3469 1307 3536; x_wconf 82' lang='lat' dir='ltr'><strong>libertatis</strong></span> <span class='ocrx_word' id='word_1_174' title='bbox 1348 3487 1412 3535; x_wconf 89' lang='lat' dir='ltr'><strong>seu</strong></span> <span class='ocrx_word' id='word_1_175' title='bbox 1451 3467 1716 3535; x_wconf 86' lang='lat' dir='ltr'><strong>consuetudinis</strong></span> <span class='ocrx_word' id='word_1_176' title='bbox 1755 3466 1850 3552; x_wconf 87' lang='lat' dir='ltr'><strong>quod</strong></span> <span class='ocrx_word' id='word_1_177' title='bbox 1891 3467 1937 3532; x_wconf 87' lang='lat' dir='ltr'><strong>ds</strong></span> 
     </span>
     <span class='ocr_line' id='line_1_20' title="bbox 429 3593 1936 3692; baseline -0.002 -24"><span class='ocrx_word' id='word_1_178' title='bbox 429 3620 468 3668; x_wconf 87' lang='lat' dir='ltr'><strong>se</strong></span> <span class='ocrx_word' id='word_1_179' title='bbox 484 3601 654 3668; x_wconf 62' lang='lat' dir='ltr'><strong>nidorem</strong></span> <span class='ocrx_word' id='word_1_180' title='bbox 673 3602 850 3671; x_wconf 86' lang='lat' dir='ltr'><strong>habeant:</strong></span> <span class='ocrx_word' id='word_1_181' title='bbox 874 3593 1078 3692; x_wconf 74' lang='lat' dir='ltr'><strong>“Sigillum</strong></span> <span class='ocrx_word' id='word_1_182' title='bbox 1096 3601 1241 3669; x_wconf 88' lang='lat' dir='ltr'><strong>maioris</strong></span> <span class='ocrx_word' id='word_1_183' title='bbox 1260 3611 1297 3669; x_wconf 86' lang='lat' dir='ltr'><strong>et</strong></span> <span class='ocrx_word' id='word_1_184' title='bbox 1315 3601 1580 3669; x_wconf 86' lang='lat' dir='ltr'><strong>communitatis</strong></span> <span class='ocrx_word' id='word_1_185' title='bbox 1601 3599 1757 3668; x_wconf 88' lang='lat' dir='ltr'><strong>ciuitatis</strong></span> <span class='ocrx_word' id='word_1_186' title='bbox 1776 3599 1936 3667; x_wconf 88' lang='lat' dir='ltr'><strong>London.</strong></span> 
     </span>
     <span class='ocr_line' id='line_1_21' title="bbox 428 3737 1937 3808; baseline 0.001 -5"><span class='ocrx_word' id='word_1_187' title='bbox 428 3737 475 3804; x_wconf 87' lang='lat' dir='ltr'><strong>ad</strong></span> <span class='ocrx_word' id='word_1_188' title='bbox 498 3737 605 3804; x_wconf 84' lang='lat' dir='ltr'><strong>feries</strong></span> <span class='ocrx_word' id='word_1_189' title='bbox 633 3749 671 3806; x_wconf 90' lang='lat' dir='ltr'><strong>et</strong></span> <span class='ocrx_word' id='word_1_190' title='bbox 699 3741 885 3808; x_wconf 84' lang='lat' dir='ltr'><strong>mercata&#39;&#39;</strong></span> <span class='ocrx_word' id='word_1_191' title='bbox 911 3750 948 3807; x_wconf 88' lang='lat' dir='ltr'><strong>et</strong></span> <span class='ocrx_word' id='word_1_192' title='bbox 976 3741 1034 3808; x_wconf 92' lang='lat' dir='ltr'><strong>Ita</strong></span> <span class='ocrx_word' id='word_1_193' title='bbox 1062 3741 1108 3808; x_wconf 86' lang='lat' dir='ltr'><strong>de</strong></span> <span class='ocrx_word' id='word_1_194' title='bbox 1136 3740 1228 3807; x_wconf 84' lang='lat' dir='ltr'><strong>eliis.</strong></span> <span class='ocrx_word' id='word_1_195' title='bbox 1273 3739 1322 3807; x_wconf 91' lang='lat' dir='ltr'><strong>Et</strong></span> <span class='ocrx_word' id='word_1_196' title='bbox 1351 3739 1383 3806; x_wconf 91' lang='lat' dir='ltr'><strong>sl</strong></span> <span class='ocrx_word' id='word_1_197' title='bbox 1407 3739 1578 3808; x_wconf 87' lang='lat' dir='ltr'><strong>maiorem</strong></span> <span class='ocrx_word' id='word_1_198' title='bbox 1601 3759 1673 3806; x_wconf 92' lang='lat' dir='ltr'><strong>non</strong></span> <span class='ocrx_word' id='word_1_199' title='bbox 1696 3739 1852 3806; x_wconf 86' lang='lat' dir='ltr'><strong>habeant</strong></span> <span class='ocrx_word' id='word_1_200' title='bbox 1874 3739 1937 3805; x_wconf 87' lang='lat' dir='ltr'><strong>sed</strong></span> 
     </span>
     <span class='ocr_line' id='line_1_22' title="bbox 427 3841 1938 3960; baseline 0.002 -23"><span class='ocrx_word' id='word_1_201' title='bbox 427 3872 620 3956; x_wconf 87' lang='lat' dir='ltr'><strong>dominum,</strong></span> <span class='ocrx_word' id='word_1_202' title='bbox 678 3876 843 3943; x_wconf 86' lang='lat' dir='ltr'><strong>dominus</strong></span> <span class='ocrx_word' id='word_1_203' title='bbox 900 3895 1021 3943; x_wconf 87' lang='lat' dir='ltr'><strong>eorum</strong></span> <span class='ocrx_word' id='word_1_204' title='bbox 1079 3897 1151 3943; x_wconf 91' lang='lat' dir='ltr'><strong>non</strong></span> <span class='ocrx_word' id='word_1_205' title='bbox 1205 3875 1311 3942; x_wconf 86' lang='lat' dir='ltr'><strong>debet</strong></span> <span class='ocrx_word' id='word_1_206' title='bbox 1368 3841 1544 3941; x_wconf 82' lang='lat' dir='ltr'><strong>nominari</strong></span> <span class='ocrx_word' id='word_1_207' title='bbox 1602 3874 1640 3940; x_wconf 89' lang='lat' dir='ltr'><strong>in</strong></span> <span class='ocrx_word' id='word_1_208' title='bbox 1707 3874 1938 3960; x_wconf 85' lang='lat' dir='ltr'><strong>impressione</strong></span> 
     </span>
     <span class='ocr_line' id='line_1_23' title="bbox 427 4009 1936 4100; baseline 0.001 -24"><span class='ocrx_word' id='word_1_209' title='bbox 427 4009 625 4095; x_wconf 77' lang='lat' dir='ltr'><strong>sigillorum</strong></span> <span class='ocrx_word' id='word_1_210' title='bbox 653 4031 773 4079; x_wconf 88' lang='lat' dir='ltr'><strong>eorum</strong></span> <span class='ocrx_word' id='word_1_211' title='bbox 796 4013 889 4080; x_wconf 88' lang='lat' dir='ltr'><strong>sicut</strong></span> <span class='ocrx_word' id='word_1_212' title='bbox 909 4014 1034 4095; x_wconf 87' lang='lat' dir='ltr'><strong>maior,</strong></span> <span class='ocrx_word' id='word_1_213' title='bbox 1056 4013 1141 4099; x_wconf 85' lang='lat' dir='ltr'><strong>quie</strong></span> <span class='ocrx_word' id='word_1_214' title='bbox 1161 4012 1276 4080; x_wconf 89' lang='lat' dir='ltr'><strong>maior</strong></span> <span class='ocrx_word' id='word_1_215' title='bbox 1297 4019 1353 4078; x_wconf 87' lang='lat' dir='ltr'><strong>est</strong></span> <span class='ocrx_word' id='word_1_216' title='bbox 1377 4029 1468 4076; x_wconf 89' lang='lat' dir='ltr'><strong>vnus</strong></span> <span class='ocrx_word' id='word_1_217' title='bbox 1496 4011 1541 4076; x_wconf 91' lang='lat' dir='ltr'><strong>de</strong></span> <span class='ocrx_word' id='word_1_218' title='bbox 1570 4009 1831 4100; x_wconf 85' lang='lat' dir='ltr'><strong>Communitate</strong></span> <span class='ocrx_word' id='word_1_219' title='bbox 1860 4029 1936 4078; x_wconf 77' lang='lat' dir='ltr'><strong>sus.</strong></span> 
     </span>
     <span class='ocr_line' id='line_1_24' title="bbox 427 4145 1934 4236; baseline -0.001 -22"><span class='ocrx_word' id='word_1_220' title='bbox 427 4145 476 4214; x_wconf 89' lang='lat' dir='ltr'><strong>Et</strong></span> <span class='ocrx_word' id='word_1_221' title='bbox 497 4148 663 4216; x_wconf 88' lang='lat' dir='ltr'><strong>dominus</strong></span> <span class='ocrx_word' id='word_1_222' title='bbox 685 4159 742 4217; x_wconf 91' lang='lat' dir='ltr'><strong>est</strong></span> <span class='ocrx_word' id='word_1_223' title='bbox 764 4169 873 4236; x_wconf 86' lang='lat' dir='ltr'><strong>supra</strong></span> <span class='ocrx_word' id='word_1_224' title='bbox 896 4150 1186 4218; x_wconf 85' lang='lat' dir='ltr'><strong>communitatem</strong></span> <span class='ocrx_word' id='word_1_225' title='bbox 1212 4169 1324 4216; x_wconf 85' lang='lat' dir='ltr'><strong>suam.</strong></span> <span class='ocrx_word' id='word_1_226' title='bbox 1368 4147 1501 4214; x_wconf 90' lang='lat' dir='ltr'><strong>Eorum</strong></span> <span class='ocrx_word' id='word_1_227' title='bbox 1531 4147 1715 4234; x_wconf 88' lang='lat' dir='ltr'><strong>impressio</strong></span> <span class='ocrx_word' id='word_1_228' title='bbox 1741 4147 1809 4214; x_wconf 82' lang='lat' dir='ltr'><strong>erit</strong></span> <span class='ocrx_word' id='word_1_229' title='bbox 1829 4147 1934 4216; x_wconf 83' lang='lat' dir='ltr'><strong>telis:</strong></span> 
     </span>
    </p>
   </div>
   <div class='ocr_carea' id='block_1_7' title="bbox 427 4280 1936 4492">
    <p class='ocr_par' dir='ltr' id='par_1_7' title="bbox 427 4280 1936 4492">
     <span class='ocr_line' id='line_1_25' title="bbox 427 4280 1936 4370; baseline 0.001 -20"><span class='ocrx_word' id='word_1_230' title='bbox 427 4280 626 4370; x_wconf 80' lang='lat' dir='ltr'><strong>“Sigillum</strong></span> <span class='ocrx_word' id='word_1_231' title='bbox 648 4287 733 4352; x_wconf 87' lang='lat' dir='ltr'><strong>ville</strong></span> <span class='ocrx_word' id='word_1_232' title='bbox 755 4287 871 4354; x_wconf 88' lang='lat' dir='ltr'><strong>sancti</strong></span> <span class='ocrx_word' id='word_1_233' title='bbox 892 4287 1028 4355; x_wconf 86' lang='lat' dir='ltr'><strong>Albani</strong></span> <span class='ocrx_word' id='word_1_234' title='bbox 1042 4289 1089 4356; x_wconf 85' lang='lat' dir='ltr'><strong>ad</strong></span> <span class='ocrx_word' id='word_1_235' title='bbox 1103 4285 1293 4355; x_wconf 84' lang='lat' dir='ltr'><strong>mercata.”</strong></span> <span class='ocrx_word' id='word_1_236' title='bbox 1337 4285 1385 4353; x_wconf 87' lang='lat' dir='ltr'><strong>Et</strong></span> <span class='ocrx_word' id='word_1_237' title='bbox 1407 4285 1532 4352; x_wconf 87' lang='lat' dir='ltr'><strong>eodem</strong></span> <span class='ocrx_word' id='word_1_238' title='bbox 1554 4285 1660 4352; x_wconf 90' lang='lat' dir='ltr'><strong>modo</strong></span> <span class='ocrx_word' id='word_1_239' title='bbox 1678 4284 1783 4351; x_wconf 86' lang='lat' dir='ltr'><strong>debet</strong></span> <span class='ocrx_word' id='word_1_240' title='bbox 1802 4283 1873 4352; x_wconf 89' lang='lat' dir='ltr'><strong>dici</strong></span> <span class='ocrx_word' id='word_1_241' title='bbox 1890 4285 1936 4352; x_wconf 89' lang='lat' dir='ltr'><strong>de</strong></span> 
     </span>
     <span class='ocr_line' id='line_1_26' title="bbox 427 4419 1872 4492; baseline 0.002 -6"><span class='ocrx_word' id='word_1_242' title='bbox 427 4419 522 4487; x_wconf 87' lang='lat' dir='ltr'><strong>villis</strong></span> <span class='ocrx_word' id='word_1_243' title='bbox 542 4423 771 4491; x_wconf 89' lang='lat' dir='ltr'><strong>mercatoriis.</strong></span> <span class='ocrx_word' id='word_1_244' title='bbox 815 4423 864 4490; x_wconf 90' lang='lat' dir='ltr'><strong>Et</strong></span> <span class='ocrx_word' id='word_1_245' title='bbox 885 4425 917 4492; x_wconf 88' lang='lat' dir='ltr'><strong>si</strong></span> <span class='ocrx_word' id='word_1_246' title='bbox 938 4427 1095 4492; x_wconf 87' lang='lat' dir='ltr'><strong>habeant</strong></span> <span class='ocrx_word' id='word_1_247' title='bbox 1114 4425 1239 4492; x_wconf 85' lang='lat' dir='ltr'><strong>feriam</strong></span> <span class='ocrx_word' id='word_1_248' title='bbox 1257 4423 1378 4490; x_wconf 90' lang='lat' dir='ltr'><strong>dicant</strong></span> <span class='ocrx_word' id='word_1_249' title='bbox 1401 4422 1480 4488; x_wconf 87' lang='lat' dir='ltr'><strong>“ad</strong></span> <span class='ocrx_word' id='word_1_250' title='bbox 1500 4421 1607 4488; x_wconf 85' lang='lat' dir='ltr'><strong>feries</strong></span> <span class='ocrx_word' id='word_1_251' title='bbox 1627 4430 1663 4489; x_wconf 88' lang='lat' dir='ltr'><strong>et</strong></span> <span class='ocrx_word' id='word_1_252' title='bbox 1685 4422 1872 4489; x_wconf 74' lang='lat' dir='ltr'><strong>mercats”</strong></span> 
     </span>
    </p>
   </div>
   <div class='ocr_carea' id='block_1_8' title="bbox 526 4681 1846 4916">
    <p class='ocr_par' dir='ltr' id='par_1_8' title="bbox 526 4681 1846 4916">
     <span class='ocr_line' id='line_1_27' title="bbox 526 4681 1846 4764; baseline 0.002 -5"><span class='ocrx_word' id='word_1_253' title='bbox 526 4681 613 4759; x_wconf 86' lang='lat' dir='ltr'><strong>DE</strong></span> <span class='ocrx_word' id='word_1_254' title='bbox 683 4683 946 4762; x_wconf 87' lang='lat' dir='ltr'><em>CLERICIS</em></span> <span class='ocrx_word' id='word_1_255' title='bbox 1009 4687 1096 4762; x_wconf 88' lang='lat' dir='ltr'><strong>ET</strong></span> <span class='ocrx_word' id='word_1_256' title='bbox 1162 4683 1413 4764; x_wconf 85' lang='lat' dir='ltr'><em>ROTULIS</em></span> <span class='ocrx_word' id='word_1_257' title='bbox 1482 4681 1705 4760; x_wconf 88' lang='lat' dir='ltr'><em>DOMINI</em></span> <span class='ocrx_word' id='word_1_258' title='bbox 1758 4683 1846 4762; x_wconf 87' lang='grc' dir='ltr'><strong>ΕΤ</strong></span> 
     </span>
     <span class='ocr_line' id='line_1_28' title="bbox 807 4835 1514 4916; baseline -0.001 -5"><span class='ocrx_word' id='word_1_259' title='bbox 807 4836 1199 4916; x_wconf 82' lang='lat' dir='ltr'><em>SECTATORUM</em></span> <span class='ocrx_word' id='word_1_260' title='bbox 1239 4835 1514 4912; x_wconf 82' lang='lat' dir='ltr'><em>MERCATI.</em></span> 
     </span>
    </p>
   </div>
   <div class='ocr_carea' id='block_1_9' title="bbox 426 4981 1935 5206">
    <p class='ocr_par' dir='ltr' id='par_1_9' title="bbox 426 4981 1935 5206">
     <span class='ocr_line' id='line_1_29' title="bbox 555 4981 1935 5069; baseline -0.004 -17"><span class='ocrx_word' id='word_1_261' title='bbox 555 4983 744 5053; x_wconf 88' lang='lat' dir='ltr'><strong>Prouisum</strong></span> <span class='ocrx_word' id='word_1_262' title='bbox 767 4997 824 5055; x_wconf 77' lang='lat' dir='ltr'><strong>est</strong></span> <span class='ocrx_word' id='word_1_263' title='bbox 847 4998 885 5056; x_wconf 87' lang='lat' dir='ltr'><strong>et</strong></span> <span class='ocrx_word' id='word_1_264' title='bbox 906 4999 1079 5058; x_wconf 89' lang='lat' dir='ltr'><strong>statutum</strong></span> <span class='ocrx_word' id='word_1_265' title='bbox 1101 4989 1140 5057; x_wconf 93' lang='lat' dir='ltr'><strong>in</strong></span> <span class='ocrx_word' id='word_1_266' title='bbox 1165 4987 1264 5056; x_wconf 89' lang='lat' dir='ltr'><strong>omni</strong></span> <span class='ocrx_word' id='word_1_267' title='bbox 1289 4985 1396 5054; x_wconf 88' lang='lat' dir='ltr'><strong>Curia</strong></span> <span class='ocrx_word' id='word_1_268' title='bbox 1421 4981 1630 5050; x_wconf 84' lang='lat' dir='ltr'><strong>mercatoria</strong></span> <span class='ocrx_word' id='word_1_269' title='bbox 1651 4983 1746 5069; x_wconf 85' lang='lat' dir='ltr'><strong>quod</strong></span> <span class='ocrx_word' id='word_1_270' title='bbox 1771 4981 1935 5050; x_wconf 89' lang='lat' dir='ltr'><strong>dominus</strong></span> 
     </span>
     <span class='ocr_line' id='line_1_30' title="bbox 426 5117 1934 5206; baseline -0.001 -20"><span class='ocrx_word' id='word_1_271' title='bbox 426 5119 484 5186; x_wconf 83' lang='lat' dir='ltr'><strong>vel</strong></span> <span class='ocrx_word' id='word_1_272' title='bbox 512 5121 627 5187; x_wconf 78' lang='lat' dir='ltr'><strong>maior</strong></span> <span class='ocrx_word' id='word_1_273' title='bbox 654 5121 750 5190; x_wconf 88' lang='lat' dir='ltr'><strong>illius</strong></span> <span class='ocrx_word' id='word_1_274' title='bbox 780 5123 885 5192; x_wconf 88' lang='lat' dir='ltr'><strong>Curie</strong></span> <span class='ocrx_word' id='word_1_275' title='bbox 908 5127 1041 5194; x_wconf 87' lang='lat' dir='ltr'><strong>babeat</strong></span> <span class='ocrx_word' id='word_1_276' title='bbox 1070 5125 1235 5193; x_wconf 87' lang='lat' dir='ltr'><strong>clericum</strong></span> <span class='ocrx_word' id='word_1_277' title='bbox 1264 5143 1366 5189; x_wconf 87' lang='lat' dir='ltr'><strong>suum</strong></span> <span class='ocrx_word' id='word_1_278' title='bbox 1395 5131 1432 5189; x_wconf 89' lang='lat' dir='ltr'><strong>et</strong></span> <span class='ocrx_word' id='word_1_279' title='bbox 1460 5121 1594 5188; x_wconf 78' lang='lat' dir='ltr'><strong>rontlos</strong></span> <span class='ocrx_word' id='word_1_280' title='bbox 1623 5139 1707 5189; x_wconf 89' lang='lat' dir='ltr'><strong>suos</strong></span> <span class='ocrx_word' id='word_1_281' title='bbox 1734 5139 1798 5206; x_wconf 87' lang='lat' dir='ltr'><strong>per</strong></span> <span class='ocrx_word' id='word_1_282' title='bbox 1826 5137 1866 5186; x_wconf 88' lang='lat' dir='ltr'><strong>se</strong></span> <span class='ocrx_word' id='word_1_283' title='bbox 1887 5117 1934 5186; x_wconf 88' lang='lat' dir='ltr'><strong>de</strong></span> 
     </span>
    </p>
   </div>
   <div class='ocr_carea' id='block_1_10' title="bbox 0 0 2492 6309">
    <p class='ocr_par' dir='ltr' id='par_1_10' title="bbox 0 0 2492 6309">
     <span class='ocr_line' id='line_1_31' title="bbox 0 0 2492 6309; baseline 0 4"><span class='ocrx_word' id='word_1_284' title='bbox 0 0 2492 6309; x_wconf 95' lang='lat' dir='ltr'><strong> </strong></span> 
     </span>
    </p>
   </div>
  </div>
 </body>
</html>
