4975 6309
703 784 800 876 nse
827 783 966 876 little
990 786 1088 888 ricc
1113 786 1242 877 Boot
1268 788 1318 878 ot
1347 790 1534 883 tusci
1799 801 1869 892 165

363 998 583 1085 procinctum
611 996 770 1066 eiusdem
809 998 904 1079 ville,
942 996 1068 1067 Castro
1103 971 1142 1067 et
1176 998 1320 1069 fossatis
1354 1003 1513 1071 eiusdem
1548 1003 1666 1073 Castri
1701 1006 1871 1093 exceptis,

364 1158 430 1226 pro
457 1140 587 1206 delicto
616 1158 681 1207 suo
709 1138 821 1207 vitam
849 1138 908 1205 vel
942 1138 1138 1205 membrum
1170 1138 1325 1207 debeant
1360 1140 1522 1207 amittere
1549 1142 1608 1209 vel
1644 1140 1799 1229 fingerint
1833 1152 1876 1211 et

366 1273 497 1343 iudicio
533 1284 629 1341 stare
665 1273 854 1357 noluerint,
890 1276 949 1343 vel
985 1274 1128 1362 aliquod
1164 1276 1333 1343 delictum
1368 1274 1515 1345 fecerim
1549 1298 1614 1365 pro
1642 1299 1714 1365 quo
1742 1280 1877 1346 catalla

365 1430 431 1479 sua
451 1411 605 1478 debeant
633 1410 781 1497 perdere
804 1409 1017 1496 ubicumque
1042 1411 1088 1477 de
1112 1409 1165 1477 eis
1194 1408 1335 1479 iusticia
1356 1410 1434 1479 fieri
1459 1413 1589 1481 debeat
1610 1413 1688 1482 sive
1711 1416 1751 1482 in
1775 1414 1873 1483 curia

363 1549 514 1635 predicti
553 1546 834 1615 metuendissimi
872 1546 1008 1614 domini
1049 1547 1119 1615 mei
1162 1546 1280 1635 Regis
1317 1548 1376 1614 vel
1415 1548 1584 1615 heredum
1623 1570 1777 1631 morum,
1814 1552 1873 1619 vel

363 1685 488 1765 nostri,
517 1683 592 1749 sive
621 1682 659 1750 in
687 1682 770 1751 aliis
797 1682 905 1749 curiis
932 1680 1013 1770 ipsa
1048 1682 1179 1749 catalla
1214 1683 1288 1751 sint
1323 1682 1480 1769 ipsorum
1517 1683 1664 1752 Maioris
1692 1693 1730 1751 et
1765 1684 1871 1753 Com·

364 1822 549 1891 munitatis
570 1830 607 1887 et
628 1838 871 1887 successorum
893 1838 1036 1887 suorum
1058 1820 1209 1885 durante
1230 1819 1307 1885 vita
1326 1828 1459 1887 nostra
1503 1818 1552 1888 Et
1572 1821 1679 1889 liceat
1699 1822 1873 1891 ministris

363 1958 521 2045 ipsorum
550 1956 700 2025 Maioris
728 1964 765 2023 et
795 1954 1069 2023 communitatis
1097 1965 1135 2022 et
1167 1974 1408 2021 successorum
1436 1976 1591 2037 suorum,
1621 1958 1771 2025 durante
1797 1960 1876 2027 vita

364 2104 497 2175 nostra,
534 2094 612 2159 sine
647 2090 834 2160 occasione
864 2091 923 2157 vel
960 2088 1214 2176 impedimento
1243 2090 1394 2177 predicti
1429 2093 1710 2161 metuendissimi
1737 2095 1874 2163 domini

365 2230 436 2297 mei
459 2229 576 2317 Regis
598 2236 636 2295 et
658 2228 827 2295 heredum
853 2245 995 2293 suorum
1021 2226 1080 2293 vel
1104 2225 1227 2307 nostri,
1249 2228 1495 2295 vicecomitum
1516 2238 1579 2296 aut
1600 2229 1748 2297 aliorum
1769 2232 1877 2299 balli·

364 2385 488 2433 vorum
518 2384 581 2431 seu
609 2362 850 2429 ministrorum
875 2355 1018 2429 suorum
1043 2362 1102 2429 vel
1126 2362 1295 2430 heredum
1320 2382 1463 2443 suorum
1489 2384 1790 2454 quorumcumque
1814 2369 1873 2436 vel

366 2515 576 2585 nostrorum,
618 2522 752 2589 ponere
794 2502 891 2587 ipsos
934 2500 1108 2568 Maiorem
1148 2508 1186 2567 et
1228 2499 1527 2568 Communitatem
1572 2510 1610 2568 et
1651 2522 1873 2573 successores

366 2662 450 2711 suos
485 2644 635 2711 durante
669 2638 745 2707 vite
779 2647 902 2705 nostra
937 2638 975 2704 in
1012 2636 1180 2705 seisinam
1216 2638 1262 2705 de
1296 2638 1436 2705 catallis
1470 2640 1640 2724 predictis
1673 2649 1711 2707 et
1745 2661 1791 2707 ea
1825 2642 1873 2709 ad

365 2800 467 2862 vsum
504 2798 607 2845 suum
641 2776 803 2843 retinere.
861 2772 909 2842 Et
944 2773 1070 2841 eciam·
1098 2774 1194 2859 quod
1232 2773 1382 2859 predicti
1419 2774 1537 2841 Maior
1565 2783 1602 2841 et
1630 2772 1876 2841 Communitas

366 2928 404 2983 et
443 2932 663 2981 successores
700 2912 757 2978 sui
795 2912 952 2979 habeant
993 2878 1040 2978 [ad
1079 2920 1192 2978 totam
1227 2912 1340 2978 vitam
1379 2919 1538 2979 noscam
1576 2912 1616 2977 in
1653 2910 1751 2978 nisa
1788 2911 1877 2978 vina

366 3051 524 3119 Eristoll.
559 3061 596 3117 et
630 3048 808 3115 suburbiis
843 3047 1012 3127 eiusdem,
1049 3066 1189 3114 necnon
1226 3046 1264 3113 in
1301 3048 1466 3113 omnibus
1501 3048 1616 3127 terris,
1652 3048 1875 3128 tenementis,

367 3190 455 3257 locis
494 3196 533 3255 et
570 3186 684 3253 feodis
723 3186 891 3273 predictis
928 3182 1020 3251 inira
1055 3184 1277 3270 procinctum
1313 3184 1472 3252 eiusdem
1508 3184 1594 3251 ville
1630 3184 1874 3267 existentibus,

368 3326 495 3395 Castro
530 3336 567 3393 et
601 3323 746 3393 fossatis
781 3322 939 3391 eiusdem
980 3322 1097 3391 Cerni
1131 3322 1293 3423 superius
1331 3320 1502 3408 exceptis,
1539 3332 1682 3389 returna
1717 3322 1877 3390 omnium

366 3466 526 3535 brevium
556 3463 707 3551 predicti
735 3460 1015 3529 metuendissimi
1043 3461 1178 3529 domini
1209 3461 1282 3528 mei
1313 3461 1430 3547 Regis
1457 3470 1496 3527 et
1524 3461 1692 3527 heredum
1720 3480 1874 3542 suorum,

368 3622 411 3669 ac
442 3600 772 3680 summonicionum‚
802 3608 1040 3667 subamarum
1077 3610 1113 3666 et
1148 3607 1392 3685 preceptorum
1423 3599 1468 3665 de
1500 3599 1678 3667 scaccario
1705 3600 1875 3686 predicto,

367 3760 506 3807 necnon
527 3745 766 3805 mmmmm
787 3745 824 3802 et
851 3744 1096 3822 preceptorum
1116 3735 1398 3820 Justiciariorum
1419 3736 1570 3823 predicti
1595 3736 1877 3803 metuendissimi

366 3874 504 3942 domini
531 3874 602 3941 mei
637 3872 754 3959 Regis
790 3870 849 3939 vel
884 3871 1052 3939 heredum
1088 3891 1231 3940 suorum
1268 3872 1527 3954 itinerancium,
1564 3883 1639 3938 tam
1660 3873 1706 3940 de
1734 3872 1878 3960 placitis

366 4012 497 4081 foreste
519 4032 627 4099 quem
653 4012 699 4079 ad
724 4012 846 4078 omnia
870 4010 1004 4099 placita
1027 4023 1063 4080 et
1087 4013 1237 4080 aliorum
1260 4011 1543 4096 Justiciariorum
1565 4032 1875 4099 quorumcumque,
1948 4109 1951 4114 Α

368 4162 404 4217 et
431 4151 663 4219 execuciones
691 4148 882 4215 eomndem
910 4148 1080 4230 brevium,
1107 4152 1435 4229 summonicionum‚
1464 4159 1702 4217 extractamm
1727 4160 1765 4217 et
1792 4169 1872 4236 pre·

369 4296 550 4375 septorum
588 4306 652 4373 per
690 4286 842 4354 ballivos
878 4295 916 4354 et
955 4287 1137 4356 ministros
1173 4308 1258 4356 suos
1295 4287 1488 4370 iaciendas,
1532 4287 1592 4355 Ita
1625 4288 1720 4374 quod
1755 4288 1876 4353 nullus

368 4425 575 4504 vicecomes,
599 4424 754 4492 ballivus
778 4436 840 4492 aut
863 4426 1025 4494 minister
1046 4428 1176 4515 prefati
1198 4428 1481 4496 metuendissimi
1503 4430 1641 4497 domini
1664 4428 1735 4495 mei
1760 4427 1875 4513 Regis

368 4564 427 4629 vel
469 4562 638 4628 heredum
679 4581 823 4630 suorum
863 4572 926 4629 aut
965 4572 1163 4631 nostrorum
1205 4564 1327 4651 aliqua
1361 4574 1546 4645 terrarum,
1586 4572 1878 4643 tenementorum,

368 4702 526 4769 iocorum
562 4710 599 4766 et
633 4698 815 4769 feodorum
851 4701 1089 4786 predictorum
1125 4702 1217 4769 infra
1247 4703 1370 4769 villam
1399 4702 1557 4769 Bristoll.
1587 4709 1625 4768 et
1659 4700 1879 4788 procinctum

369 4837 526 4904 eiusdem
553 4836 599 4903 ad
625 4834 740 4903 officia
765 4838 887 4923 aliqua
915 4848 977 4905 aut
1006 4839 1079 4905 alie
1108 4836 1225 4907 officia
1253 4859 1320 4906 sua
1348 4836 1541 4925 tangencia
1569 4835 1732 4903 indenda
1759 4834 1881 4920 ingre·

369 4974 512 5040 diantur
540 4973 610 5039 nisi
639 4974 677 5040 in
703 4974 842 5043 defectu
869 4977 1014 5045 maioris
1038 4987 1076 5045 et
1104 4976 1368 5045 communitatis
1394 4985 1430 5042 et
1456 4994 1696 5043 successorum
1722 4990 1876 5038 suorum.

368 5110 418 5179 Et
461 5111 494 5177 si
540 5110 747 5193 vicecomes,
791 5112 917 5181 ballivi
967 5115 1152 5196 libertatis,
1196 5114 1381 5195 hundredi,
1429 5108 1662 5199 wapentacbii
1705 5108 1744 5174 in
1787 5106 1875 5172 villa
