4975 6309
566 785 616 872 7⁶
871 761 1002 866 'obe
1025 770 1164 863 little
1188 770 1288 862 περ
1313 771 1442 863 Book
1467 775 1518 864 ot
1539 775 1736 867 brictol.

565 988 686 1056 ciones
729 989 762 1054 si
804 987 990 1072 indigeant
1033 987 1202 1069 maniare,
1246 996 1382 1054 vertere
1424 997 1462 1055 et
1512 989 1688 1058 custodire
1738 990 1785 1057 ad
1834 989 2071 1058 racionabiles

567 1133 730 1212 sumptus
756 1144 877 1192 eorum
907 1144 1055 1211 quorum
1083 1124 1213 1191 fuerint
1246 1143 1308 1190 seu
1344 1145 1466 1192 eorum
1505 1127 1634 1214 quibus
1668 1127 1791 1194 eedem
1830 1127 2072 1195 districciones

566 1274 692 1348 postea
731 1283 795 1348 per
832 1262 1000 1330 iudicium
1038 1261 1283 1328 liberabuntur
1325 1281 1372 1328 ne
1413 1262 1601 1356 videantur
1636 1266 1703 1333 sub
1739 1283 1861 1331 eorum
1904 1263 2074 1332 custodiis

567 1400 658 1466 mori
686 1419 751 1484 pro
786 1398 925 1466 defectu
963 1398 1135 1478 alimenti,
1173 1399 1232 1464 vel
1273 1397 1363 1464 alias
1402 1399 1646 1470 districciones
1684 1401 1876 1488 periclitari
1913 1404 1972 1470 vel
2011 1423 2075 1488 per

469 1591 477 1607 .
568 1555 689 1601 eorum
714 1553 821 1620 posse
856 1532 1072 1600 deteriorari.
1117 1531 1166 1598 Et
1200 1533 1333 1599 habeat
1373 1534 1540 1603 dominus
1578 1557 1643 1623 pro
1681 1537 1816 1623 pittura
1852 1533 1957 1604 vuius
1993 1536 2076 1622 equi

566 1669 644 1737 affri
681 1672 777 1737 velvt
814 1667 893 1736 affri
930 1637 994 1755 per
1021 1669 1116 1736 diem
1141 1680 1179 1736 et
1214 1677 1354 1736 noctem
1390 1691 1500 1738 vnum
1536 1669 1730 1736 denarium.
1799 1667 1848 1734 Et
1884 1667 1916 1734 si
1951 1665 2076 1736 affrun

566 1807 717 1874 excedat
745 1825 856 1892 vsque
885 1807 932 1872 ad
960 1815 1102 1873 centum
1132 1806 1266 1873 solidos
1294 1807 1427 1874 habeat
1465 1805 1649 1874 denarium
1687 1814 1724 1871 et
1762 1803 1917 1870 obolum.
1962 1801 2010 1869 Et
2044 1801 2076 1868 si

566 1943 638 2012 C.s.
677 1945 826 2012 excedat
864 1962 976 2029 vsque
1017 1945 1063 2010 ad
1091 1964 1119 2009 x
1146 1963 1285 2010 marcas
1314 1943 1447 2010 habeat
1475 1943 1533 2030 ijd.
1577 1943 1682 2010 Etsi
1710 1962 1737 2008 x
1763 1961 1902 2008 marcas
1927 1940 2076 2008 excedat

564 2103 676 2167 vsque
712 2083 758 2148 ad
798 2082 887 2148 xxii
916 2081 1047 2148 habeat
1088 2079 1163 2166 iijd.
1215 2081 1266 2147 Et
1304 2081 1388 2148 licet
1419 2079 1524 2148 fuerit
1563 2080 1740 2147 censarius
1774 2080 1833 2146 vel
1875 2078 2074 2146 deruanus

564 2219 696 2287 habeat
733 2219 807 2305 iijd.
848 2220 894 2285 ad
936 2220 1028 2305 plus.
1082 2219 1131 2285 Et
1170 2237 1235 2302 pro
1277 2218 1439 2286 custodia
1481 2216 1587 2284 vnius
1624 2215 1805 2295 dextrarii,
1848 2213 1996 2281 cursorii
2037 2223 2075 2281 et

564 2356 703 2423 roncini
731 2375 796 2442 per
821 2355 917 2422 diem
947 2364 984 2422 et
1012 2363 1152 2421 noctem
1182 2374 1248 2441 pro
1277 2375 1347 2422 vno
1376 2354 1545 2442 garcione
1572 2373 1682 2421 vnum
1715 2349 1909 2433 denarium,
1939 2361 1976 2418 et
2009 2370 2075 2436 pro

564 2489 761 2558 minoribus
793 2512 906 2576 vsque
935 2491 983 2557 ad
1012 2489 1118 2558 affros
1143 2491 1393 2559 custodiendos
1426 2511 1490 2577 per
1514 2489 1552 2576 iij
1583 2491 1660 2557 dies
1699 2509 1764 2576 pro
1800 2487 1872 2556 vno‘
1906 2487 2074 2574 garcione

562 2627 672 2726 vnnm
720 2627 916 2711 denarium,
954 2636 991 2693 et
1028 2647 1093 2714 pro
1133 2629 1304 2696 custodiis
1345 2627 1510 2696 affrorum
1555 2629 1651 2696 velvt
1695 2625 1860 2694 affrorum
1889 2627 2000 2693 nichil
2035 2625 2074 2692 in

564 2764 623 2830 die
662 2764 733 2830 nisi
772 2783 837 2850 pro
875 2764 1045 2831 alimento
1088 2774 1228 2831 tanmm
1267 2775 1307 2832 vt
1350 2765 1548 2852 predictum
1584 2773 1650 2831 est.
1709 2763 1759 2830 Et
1794 2781 1860 2848 pro
1903 2761 2073 2829 custodiis

564 2889 714 2968 eliarlm
764 2880 957 2967 bestiarum
1006 2901 1139 2968 habeat
1190 2901 1355 2969 dominus
1405 2901 1671 2970 racionabiliter
1713 2919 1778 2986 pro
1824 2899 1993 2966 alimento
2035 2908 2073 2966 et

563 3037 744 3104 custodiis.
803 3037 852 3104 Et
891 3038 982 3105 sciat
1020 3037 1187 3106 dominus
1226 3041 1323 3125 quod
1361 3049 1551 3126 postquam
1588 3039 1793 3106 huiusmodi
1832 3038 2074 3104 districciones

563 3175 656 3242 infra
692 3194 793 3241 suam
833 3175 1002 3241 seisinam
1038 3174 1245 3241 deuenerint
1283 3184 1424 3242 tenetur
1464 3177 1679 3262 respondere
1718 3176 1763 3242 de
1790 3175 1925 3242 eisdem
1954 3175 1988 3242 ei
2016 3172 2074 3240 cui

563 3312 788 3398 postmodum
814 3331 879 3397 per
914 3310 1081 3377 iudicium
1122 3331 1186 3378 seu
1222 3312 1294 3378 alio
1333 3312 1439 3379 modo
1480 3313 1526 3380 de
1568 3313 1645 3378 iure
1681 3311 1908 3378 deliberande
1945 3308 2075 3392 fiterint

564 3447 635 3514 nisi
667 3468 732 3533 per
759 3449 832 3514 tale
861 3447 1090 3515 insomnium
1120 3447 1317 3516 moriantur
1344 3449 1403 3516 vel
1430 3459 1580 3535 pereant
1617 3449 1712 3534 quod
1750 3447 1915 3514 dominus
1952 3455 2075 3513 contra

564 3583 793 3652 infortunium
829 3585 918 3652 illud
956 3583 1118 3651 resistere
1161 3605 1234 3652 non
1268 3585 1410 3672 poterit.
1465 3585 1515 3652 Et
1555 3593 1681 3652 caueat
1724 3583 1874 3671 quilibet
1917 3583 1987 3650 sibi
2029 3601 2075 3648 ne

565 3724 732 3792 admittat
759 3743 826 3790 nec
853 3724 1002 3811 recipiat
1029 3725 1273 3792 districcionee
1301 3723 1411 3792 vicini
1439 3724 1496 3792 sui
1526 3743 1589 3791 seu
1618 3725 1763 3790 alterius
1788 3723 1833 3789 de
1862 3719 2075 3788 liberacione

563 3859 710 3940 domini,
743 3861 929 3928 senescalli
958 3881 1020 3927 seu
1049 3861 1195 3928 alterius
1222 3861 1351 3928 balliui
1379 3863 1425 3928 ad
1463 3861 1713 3928 custodiendas
1753 3861 1838 3948 quia
1875 3861 1937 3926 ille
1975 3859 2075 3926 cuius

563 3998 741 4065 districcio
783 3997 849 4064 llla
891 4007 946 4066 est
983 3999 1093 4067 habet
1142 3999 1323 4067 accionem
1368 4000 1405 4066 in
1447 3999 1650 4067 huiusmodi
1694 4017 1781 4065 casu
1824 4007 1899 4064 tam
1953 4015 2075 4064 versus

564 4144 743 4223 captorem
773 4155 881 4220 quam
904 4155 1029 4202 versus
1056 4147 1274 4222 receptorem
1311 4136 1527 4204 coniunctim
1562 4156 1628 4222 pro
1665 4135 1799 4203 iniusta
1834 4135 2003 4222 capcione
2038 4143 2076 4200 et

565 4295 631 4361 pro
658 4271 792 4340 iniusta
818 4272 1027 4339 detencione
1054 4282 1092 4339 et
1114 4282 1244 4340 sonant
1268 4275 1373 4340 ambo
1399 4274 1437 4342 in
1463 4273 1593 4341 iniuria
1617 4294 1683 4360 pro
1706 4293 1749 4341 eo
1778 4273 1873 4359 quod
1898 4281 2077 4357 ponuntur

566 4422 603 4478 et
630 4411 833 4478 detinentur
853 4411 892 4476 in
920 4410 1053 4477 inblsto
1080 4409 1171 4478 looo.

640 4671 727 4750 DE
782 4671 1173 4748 TRANSCRIPTO
1221 4671 1463 4749 PLACITI
1524 4671 1772 4767 VTRJQUE
1824 4669 2009 4748 PARTI

962 4923 967 4930 .
1142 4821 1496 4902 LIBERANDO.

697 4971 909 5044 Ordinatum
954 4984 1010 5042 eet
1052 4977 1148 5061 quod
1198 4975 1317 5043 clerici
1366 4976 1412 5042 de
1461 4974 1627 5046 mercatis
1670 4974 1821 5042 liberent
1862 4971 2076 5057 transcripta

566 5109 777 5196 placitorum
817 5111 982 5179 omnibus
1010 5121 1048 5179 et
1072 5111 1225 5201 singulis
1253 5113 1316 5199 qui
1350 5113 1388 5180 in
1424 5112 1589 5181 mercatis
1618 5111 1690 5179 illis
1725 5109 1899 5197 placitant
1935 5108 1966 5176 si
2007 5104 2077 5193 ipsi
